  @STRING{ AAS   = "Adv. Atmosph. Sci. " }
  @STRING{ AOR   = "Appl. Ocean Res." }
  @STRING{ BAMS  = "Bull. Am. Meteor. Soc." }
  @STRING{ BLM   = "Bound. Layer Meteor." }
  @STRING{ CE    = "Coastal Eng." }
  @STRING{ CMAME = "Comput. Methods Appl. Mech. Engng."}
  @STRING{ CSR   = "Cont. Shelf Res."}
  @STRING{ DSR   = "Deep-Sea Res."}
  @STRING{ EVO   = "Evolut. Comp." }
  @STRING{ GRL   = "Geophys. Res. Lett." }
  @STRING{ JAS   = "J. Atm. Sc." }
  @STRING{ JTech = "J. Atmos. Oceanic Techn." }
  @STRING{ JCR   = "J. Coastal Res." }
  @STRING{ JCLIM = "J. Climate" }
  @STRING{ JCP   = "J. Comput. Physics"}
  @STRING{ JFM   = "J. Fluid Mech."}
  @STRING{ EJFM  = "Eur. J. Fluid Mech."}
  @STRING{ GMD   = "Geosci. Model Dev."}
  @STRING{ JGLR  = "J. Great Lakes Res."}
  @STRING{ JGR   = "J. Geophys. Res."}
  @STRING{ JM    = "J. Meteorol."}
  @STRING{ JMS   = "J. Mar. Sys."}
  @STRING{ JOE   = "J. Ocean Engng."}
  @STRING{ JOMAE = "J. Offshore Mech. and Arctic Eng."}
  @STRING{ JPO   = "J. Phys. Oceanogr."}
  @STRING{ JWEIA = "J. Wind Engineer. and Indust.  Aerodyn."}
  @STRING{ JWPCO = "J. of Waterway, Port, Coastal and Ocean Eng."}
  @STRING{ MG    = "Mar. Geod."}
  @STRING{ MWR   = "Mon. Wea. Rev."}
  @STRING{ NPG   = "Nonlinear Proc. Geoph."}
  @STRING{ OCEAN = "Oceanogr."}
  @STRING{ OCEANOL = "Oceanol."}
  @STRING{ ODy   = "Ocean Dynamics"}
  @STRING{ OE    = "Ocean Eng."}
  @STRING{ OPE   = "Int. J. Offshore Polar Eng."}
  @STRING{ OMOD  = "Ocean Mod."}
  @STRING{ NN    = "Neural Networks"}
  @STRING{ PACO  = "Parallel Computing"}
  @STRING( PO    = "Progress in Oceanograpy")
  @STRING{ WaF   = "Wea. Forecasting"}
  @STRING{ QJ    = "Quart. J. Roy. Meteor. Soc."}
  @STRING{ QJAM  = "Quart. Journ. Appl. Math."}
  @STRING{ GAOS  = "The Global Atmosphere and Ocean System"}
  @STRING{ TRANS = "Trans. Roy. Soc. London"}
  @STRING{ MS    = "Marine Structures"}
  @STRING{ PROC  = "Proc. Roy. Soc. London"}
  @STRING{ RGSP  = "Rev. Geophys. Space Phys."}
  @STRING{ TCPS  = "Trans. Camb. Phil. Soc."}
  @STRING{ CRY   = "The Cryosphere"}
  @STRING{ NAT   = "Nature"}
  @STRING{ SX   = "SoftwareX"}

  @STRING{ ICCE78 = "Proc. 16th Int. Conf. Coastal Eng." }
  @STRING{ ICCE88 = "Proc. 21st Int. Conf. Coastal Eng., Malaga, Spain" }
  @STRING{ ICCE90 = "Proc. 22nd Int. Conf. Coastal Eng., Delft,
                     The Netherlands" }
  @STRING{ ICCE92 = "Proc. 23rd Int. Conf. Coastal Eng., Venice, Italy" }
  @STRING{ ICCE94 = "Proc. 24rd Int. Conf. Coastal Eng., Cobe, Japan" }
  @STRING{ ICCE96 = "Proc. 25th Int. Conf. Coastal Eng." }
  @STRING{ ICCE00 = "Proc. 27th Int. Conf. Coastal Eng., Sydney, Australia" }
  @STRING{ ICCE02 = "Proc. 28th Int. Conf. Coastal Eng., Cardiff, Wales" }

  @STRING{ CPDC95 = "Proc. 4st Int. Conf. Coastal Port Eng. Devlop. Countries, Rio de Janeiro, Brazil" }

  @STRING {Waves01 = "4th International Symposium on Ocean Wave Measurement
                      and Analysis"},
  @STRING {Waves05 = "5th International Symposium on Ocean Wave Measurement
                      and Analysis"},

  @STRING {Ice14 = "22nd IAHR International Symposium on Ice, Singapore, August 11 to 15, 2014"},

  @STRING {banff02 = "Preprints 7th Int. Workshop on Wave Hindcasting and
                      Forecasting"}
  @STRING {oahu04  = "Preprints 8th Int. Workshop on Wave Hindcasting and
                      Forecasting"}
  @STRING {Livp1st = "First Int. workshop on waves, storm surges and coastal hazards"}

% item art:AL06

@ARTICLE{art:AL06,
  AUTHOR = "Fabrice Ardhuin and Arnaud Boyer",
  YEAR   = "2006",
  TITLE  = "Numerical modelling of sea states: validation of spectral shapes
            (In {F}rench)",
  JOURNAL = "Navigation",
  VOLUME = "54",
  PAGES  = "55--71" }


% item art:AB03

@ARTICLE{art:AB03,
  AUTHOR = "Jose-Henrique G.M. Alves and Michael L. Banner",
  YEAR   = 2003,
  TITLE = "Performance of a Saturation-Based Dissipation-Rate Source Term in Modeling the Fetch-Limited Evolution of Wind Waves",
  JOURNAL = JPO,
  VOLUME = "33",
  NUMBER = "6",
  PAGES = "1274-1298",
  doi = "10.1175/1520-0485(2003)033<1274:POASDS>2.0.CO;2"
  }

% item art:AlET03

@article{art:AlET03,
  title={Revisiting the Pierson--Moskowitz asymptotic limits for fully developed wind waves},
  author={Alves, Jose Henrique GM and Banner, Michael L and Young, Ian R},
  journal={Journal of physical oceanography},
  volume={33},
  number={7},
  pages={1301--1323},
  year={2003}
}
`

% item art:AET13

@article{art:AET13,
  author = {Alves, Jose-Henrique G. M. and Chawla, Arun and Tolman, Hendrik L. and Schwab, David and Lang, Gregory and Mann, Greg},
  title = {The Operational Implementation of a Great Lakes Wave Forecasting System at NOAA/NCEP},
  journal = {Weather and Forecasting},
  volume = {29},
  number = {6},
  pages = {1473-1497},
  year = {2014},
  doi = {10.1175/WAF-D-12-00049.1}
}

% item art:ACC09

@ARTICLE{art:ACC09,
  AUTHOR = "Fabrice Ardhuin and Bertrand Chapron and Fabrice Collard",
  YEAR   = 2009,
  TITLE  = "Ocean swell evolution from distant storms",
  JOURNAL = GRL,
  VOLUME  = "36",
 doi = "10.1029/2008GL037030"
  }

% item art:AH02

@ARTICLE{art:AH02,
  AUTHOR  = "F. Ardhuin and T. H. C. Herbers",
  YEAR    = 2002,
  TITLE   = "Bragg scattering of random surface gravity waves by irregular
             seabed topography",
  JOURNAL = JFM,
  VOLUME  = 451,
  PAGES   = "1--33" }

% item art:AJ06

@ARTICLE{art:AJ06,
  AUTHOR  = "F. Ardhuin and A. D. Jenkins",
  YEAR    = 2006,
  TITLE   = "On the interaction of surface waves and upper ocean turbulence",
  JOURNAL = JPO,
  VOLUME  = 36,
  NUMBER  = 3,
  PAGES   = "551--557" }

% item art:AM07

@ARTICLE{art:AM07,
  AUTHOR  = "F. Ardhuin and R. Magne",
  YEAR    = 2007,
  TITLE   = "Scattering of surface gravity waves by bottom topography with a current",
  JOURNAL = JFM,
  VOLUME  = 576,
  PAGES   = "235--264" }

% item art:Aea09

@ARTICLE{art:Aea09,
  AUTHOR  = "F. Ardhuin and L. Mari{\'e} and N. Rascle and P. Forget and
             A. Roland",
  YEAR    = 2009,
  TITLE   = "Observation and estimation of {L}agrangian, {S}tokes and {E}ulerian
             currents induced by wind and waves at the sea surface",
  JOURNAL = JPO,
  NUMBER  = 11,
  PAGES   = "2,820--2,838",
  VOLUME  = 39 }

% item art:Aea03a

@ARTICLE{art:Aea03a,
   AUTHOR = "F Ardhuin and W. C. O'Reilly and T. H. C. Herbers and
             P. F. Jessen",
   YEAR   = 2003,
   TITLE  = "Swell transformation across the continental shelf. {P}art {I}:
             {A}ttenuation and directional broadening",
   JOURNAL = JPO,
   VOLUME = 33,
   PAGES = "1,921--1,939" }

% item art:Aea14

@ARTICLE{art:Aea14,
  AUTHOR = "Fabrice Ardhuin and  Arshad Rawat and Jerome Aucan",
  TITLE   = "A numerical model for free infragravity waves: definition and validation at regional and global scales",
  YEAR    = 2014,
  JOURNAL = OMOD,
  VOLUME = 77,
  PAGES  = "20--32" }

% item art:Aea10

@ARTICLE{art:Aea10,
  AUTHOR = "F. Ardhuin and W. E. Rogers and A. V. Babanin and  {J.-F.} Filipot
            and R. Magne and A. Roland and A. {van der Westhuysen} and
            P. Queffeulou and {J.-M.} Lefevre and L. Aouf and F. Collard",
  YEAR   = 2010,
  TITLE  = "Semiempirical Dissipation Source Functions for Ocean Waves.
            {Part I}: {D}efinition, Calibration, and Validation",
  JOURNAL = JPO,
  VOLUME = "40",
  PAGES  = "1,917--1,941" }

@ARTICLE{Filipot&Ardhuin2012,
   author = "Jean-Fran{\c c}ois Filipot and Fabrice Ardhuin",
   title = "A unified spectral parameterization for wave breaking: from the deep ocean to the surf zone",
   journal =  JGR,
   volume =117,
   pages = "C00J08",
   year = 2012,
   doi="10.1029/2011JC007784",
    keywords={breaking intensity;wave model validation;breaking parameterization},
}
  
  
% item art:AR12

@ARTICLE{art:AR12,
  AUTHOR = "Fabrice Ardhuin and Aron Roland",
  YEAR   = "2012",
  TITLE  = "Coastal wave reflection, directional spread, and seismoacoustic noise sources",
  JOURNAL = JGR,
  VOLUME = "117",
  PAGES  = "C00J20" }

% item art:Aea11

@ARTICLE{art:Aea11,
  AUTHOR = "Fabrice Ardhuin and  Jean Tournadre and Pierre Queffelou and
            Fanny Girard-Ardhuin",
  TITLE   = "Observation and parameterization of small icebergs: {D}rifting breakwaters
            in the {S}outhern {O}cean",
  YEAR    = "2011",
  JOURNAL = OMOD,
  VOLUME = "39",
  PAGES  = "405--410" }

% item art:Aea15

@ARTICLE{art:Aea15,
  AUTHOR = "Fabrice Ardhuin and Fabrice Collard and Bertrand Chapron and Fanny Girard-Ardhuin and Gilles Guitton and Alexis Mouche and {J.E.} Stopa",
  TITLE   = "Estimates of ocean wave heights and attenuation in sea ice using the {SAR} wave mode on {S}entinel-1{A}",
  YEAR    = 2015,
  JOURNAL = GRL,
  VOLUME = 42,
pages = "2,317--2,325",
  doi = "10.1002/2014GL062940"}

@ARTICLE{art:Aea16,
   author = "Fabrice Ardhuin and Peter Sutherland and Martin Doble and Peter Wadhams",
   title = "Ocean waves across the {A}rctic: {A}ttenuation due to dissipation dominates over scattering for periods longer than 19 s",
   journal = GRL,
   year = 2016,
volume = {43},
number = {11},
issn = {1944-8007},
pages = {5775--5783},
   doi="10.1002/2016GL068204", }

@ARTICLE{Aea18,
author = {Ardhuin, Fabrice and Boutin, Guillaume and Stopa, Justin and Girard-Ardhuin, Fanny and Melsheimer, Christian and Thomson, Jim and Kohout, Alison and Doble, Martin and Wadhams, Peter},
   title = {Wave Attenuation Through an Arctic Marginal Ice Zone on 12 October 2015: 2. Numerical Modeling of Waves and Associated Ice Breakup},
   journal = JGR,
   volume = {123},
   number = {8},
   pages = {5652-5668},
   doi = {10.1002/2018JC013784},
}

@article{Guimaraes2018,
  title={A surface kinematics buoy (SKIB) for wave--current interaction studies},
  author={Veras Guimar{\~a}es, Pedro and Ardhuin, Fabrice and Sutherland, Peter and Accensi, Mickael and Hamon, Michel and P{\'e}rignon, Yves and Thomson, Jim and Benetazzo, Alvise and Ferrant, Pierre},
  journal={Ocean Science},
  volume={14},
  number={6},
  pages={1449--1460},
  year={2018},
  publisher={Copernicus GmbH}
}

% item art:Baet15

@article{Baet15,
author = {Barbariol, Francesco and Benetazzo, Alvise and Carniel, Sandro and Sclavo, Mauro},
doi = {10.1175/JPO-D-14-0232.1},
file = {:Users/francesco/Documents/2.CNR/-----References-----/2.Papers/BARBARIOL{\_}et{\_}al{\_}2015{\_}JPO.pdf:pdf},
issn = {0022-3670},
journal = JPO,
number = {7},
pages = {1,897--1,916},
title = {Space-Time Wave Extremes: {T}he Role of Metocean Forcings},
url = {http://journals.ametsoc.org/doi/abs/10.1175/JPO-D-14-0232.1},
volume = {45},
year = {2015}
}

% item art:Baet16

@article{Baet16,
author = {Barbariol, Francesco and Alves, Jose-Henrique G M and Benetazzo, Alvise and Bergamasco, Filippo and Bertotti, Luciana and Carniel, Sandro and Cavaleri, Luigi and Chao, Yung Y and Chawla, Arun and Ricchi, Antonio and Sclavo, Mauro and Tolman, Hendrik L},
journal = ODy,
title = {Numerical Modeling of Space-Time Wave Extremes using {WAVEWATCH III}},
volume = {Under rev.},
year = {2016}
}

% item art:Beet15

@article{Beet15,
author = {Benetazzo, Alvise and Barbariol, Francesco and Bergamasco, Filippo and Torsello, Andrea and Carniel, Sandro and Sclavo, Mauro},
doi = {10.1175/JPO-D-15-0017.1},
file = {:Users/francesco/Documents/2.CNR/-----References-----/2.Papers/BENETAZZO{\_}et{\_}al-2015.pdf:pdf},
journal = JPO,
number = {9},
pages = {2,261--2,275},
title = {Observation of extreme sea waves in a space-time ensemble},
volume = {45},
year = {2015}
}

% item art:Bab09

@ARTICLE{art:Bab09,
  AUTHOR   = "Alexander V. Babanin",
  TITLE    = "Breaking of ocean surface waves",
  JOURNAL  = {Acta Phys. Slovaca},
  YEAR     = 2009,
  VOLUME   = "59",
  NUMBER = 4,
  PAGES    = "305--535"}

% item art:BBY01

@ARTICLE{art:BBY01,
  AUTHOR = "A. V. Babanin and I. R. Young and M. L. Banner",
  YEAR   = 2001,
  TITLE  = "Breaking probabilities for dominant surface waves
            on water of finite constant depth",
  JOURNAL = JGR,
  VOLUME = "106",
  PAGES  = "11,659--11,676" ,
  doi = "10.1029/2000JC000215"
  }
  
% item art:Bea07

@ARTICLE{art:Bea07,
  AUTHOR  = "A. V. Babanin and M. L. Banner and I. R. Young and M. A. Donelan",
  YEAR    = 2007,
  TITLE   = "Wave-Follower Field Measurements of the Wind-Input Spectral Function. {P}art III: {P}arameterization of the Wind-Input Enhancement due to Wave Breaking",
  JOURNAL = JPO,
  VOLUME  = 37,
  PAGES   = "2,764--2,775" }

% item art:BS87

@ARTICLE{art:BS87,
  AUTHOR    = "Babanin, A. V. and Soloviev, Y. P.",
  TITLE     = "Parameterization of width of directional energy distributions
               of wind-generated waves at limited fetches",
  JOURNAL   = "Izvestiya, Atmos. and Oceanic Phys.",
  YEAR      = 1987,
  VOLUME    = "23",
  PAGES     = "645--651"}

% item art:Bea10

@ARTICLE{art:Bea10,
  AUTHOR   = "Babanin, Alexander V. and Tsagareli, Kakha N. and Young,
              I. R. and Walker, David J.",
  TITLE    = "Numerical Investigation of Spectral Evolution of Wind Waves.
              {Part II}: {D}issipation Term and Evolution Tests",
  JOURNAL  = JPO,
  YEAR     = 2010,
  VOLUME   = "40",
  PAGES    = "667--683"}

% item art:BBY00

@ARTICLE{art:BBY00,
  AUTHOR = "M. L. Banner and A. V. Babanin and I. R. Young",
  YEAR   = "2000",
  TITLE  = "Breaking probability for dominant waves on the sea surface",
  JOURNAL = JPO,
  VOLUME = "30",
  PAGES  = "3,145--3,160" }

% item art:BP98

@ARTICLE{art:BP98,
  author  = "M. L. Banner and W. L. Peirson",
  TITLE   = "Tangential stress beneath wind-driven air--water interfaces",
  JOURNAL = JFM,
  YEAR    = 1998,
  VOLUME  = "364",
  PAGES   = "115--145"}

% item art:BH87

@ARTICLE{art:BH87,
  AUTHOR = "N. Booij and L. H. Holthuijsen",
  YEAR   = "1987",
  TITLE  = "Propagation of ocean waves in discrete
            spectral wave models",
  JOURNAL = JCP,
  VOLUME = "68",
  PAGES  = "307--326" }

% item art:BRH99

@ARTICLE{art:BRH99,
  AUTHOR  = "N. Booij and R. C. Ris and L. H. Holthuijsen",
  YEAR    = "1999",
  TITLE   = "A third-generation wave model for coastal regions,
             1. {M}odel description and validation",
  JOURNAL = JGR,
  VOLUME  = "104",
  PAGES   = "7,649--7,666" }

% item art:BK83

@ARTICLE{art:BK83,
  AUTHOR = "E. Bouws and G. J. Komen",
  YEAR   = "1983",
  TITLE  = "On the balance between growth and dissipation in
            an extreme depth-limited wind-sea in the southern {N}orth {S}ea",
  JOURNAL = JPO,
  VOLUME = "13",
  PAGES  = "1,653--1,658" }

% item art:BG68

@ARTICLE{art:BG68,
  AUTHOR = "F. P. Bretherthon and C. J. R. Garrett",
  YEAR   = "1968",
  TITLE  = "Wave trains in inhomogeneous moving media",
  JOURNAL = PROC,
  VOLUME = "A 302",
  PAGES  = "529--554" }

% item pro:BSP13

@INPROCEEDINGS{pro:BSP13,
	AUTHOR = "C. C. Bunney and A. Saulter and T. Palmer",
	YEAR = "2013",
	TITLE = "Reconstruction of complex 2{D} wave spectra for rapid deployment of nearshore wave models",
    BOOKTITLE = "Marine Structures and Breakwaters 2013",
    PUBLISHER    = "Institute of Civil Engineers" }

% item art:CMR81

@ARTICLE{art:CMR81,
  AUTHOR  = "L. Cavaleri and P. Malanotte-{R}izzoli",
  YEAR    = "1981",
  TITLE   = "Wind-wave prediction in shallow water: {T}heory and applications.",
  JOURNAL = JGR,
  VOLUME  = "86",
  PAGES   = "10,961--10,973" }

% item art:Cha95

@ARTICLE{art:Cha95,
  AUTHOR = "D. V. Chalikov",
  YEAR   = "1995",
  TITLE  = "The parameterization of the wave boundary layer",
  JOURNAL = JPO,
  VOLUME = "25",
  PAGES  = "1,333--1,349" }

% item art:CB93

@ARTICLE{art:CB93,
  AUTHOR = "D. V. Chalikov and M. {Yu}. Belevich",
  YEAR   = "1993",
  TITLE  = "One-dimensional theory of the Wave Boundary Layer",
  JOURNAL = BLM,
  VOLUME = "63",
  PAGES  = "65--96" }

% item art:Cha55

@ARTICLE{art:Cha55,
  AUTHOR = "H. Charnock",
  YEAR   = "1955",
  TITLE  = "Wind stress on a water surface",
  JOURNAL = QJ,
  VOLUME = "81",
  PAGES  = "639--640" }



@article{art:CET13a,
  title={A multigrid wave forecasting model: A new paradigm in operational wave forecasting},
  author={Chawla, Arun and Tolman, Hendrik L and Gerald, Vera and Spindler, Deanna and Spindler, Todd and Alves, Jose-Henrique GM and Cao, Degui and Hanson, Jeffrey L and Devaliere, Eve-Marie},
  journal={Weather and Forecasting},
  volume={28},
  number={4},
  pages={1057--1078},
  year={2013}
}

% item rep:CR17

@TECHREPORT{rep:CR17,
  AUTHOR      = "C. O. Collins and W. E. Rogers",
  YEAR        = "2017",
  TITLE       = "A Source Term for Wave Attenuation by Sea ice in {WAVEWATCH III}$^{\textregistered}$ : {IC4}",
  INSTITUTION = "{N}aval {R}esearch {L}aboratory, {S}tennis {S}pace {C}enter, {MS}",
  TYPE        = "NRL Memorandum Report",
  NUMBER      = "NRL/MR/7320--17-9726",
  NOTE       = "25 pp., www7320.nrlssc.navy.mil/pubs.php" }

% item art:CRT17

@ARTICLE{art:CRT17,
  AUTHOR = "Sukun Cheng and W. Erick Rogers and Jim Thomson and Madison Smith and Martin J. Doble and Peter Wadhams and Alison L. Kohout and Bjoern Lund and Ola P.G. Persson and Clarence O. Collins and Stephen F. Ackley and Fabien Montiel and Hayley H. Shen",
  YEAR   = 2017,
  TITLE  = "Calibrating a viscoelastic sea ice model for wave propagation in the {A}rctic fall marginal ice zone",
  JOURNAL = JGR,
  VOLUME = "122",
  PAGES  = "8770--8793" ,
  doi = "https://doi.org/10.1002/2017JC013275"
  }

% item art:DL78

@ARTICLE{art:DL78,
  AUTHOR      = "R. A. Dalrymple and P. L. F. Liu",
   TITLE = "Waves over soft muds: {A} two-layer fluid model",
   JOURNAL =JPO,
   VOLUME = 986,
   PAGES = "1,121--1,131",
   YEAR = 1978}

% item art:DM82

@ARTICLE{art:DM82,
  AUTHOR  = "R. W. Davis and E. F. More",
  YEAR    = "1982",
  TITLE   = "A Numerical study of vortex shedding from rectangles",
  JOURNAL = JFM,
  VOLUME  = "116",
  PAGES   = "475--506" }

% item art:Dob15

@ARTICLE{art:Dob15,
  AUTHOR = "Martin J. Doble and Giacomo De Carolis and Michael H. Meylan and Jean-Raymond Bidlot and Peter Wadhams",
  YEAR   = 2015,
  TITLE  = "Relating wave attenuation to pancake ice thickness, using field measurements and model results",
  JOURNAL = GRL,
  VOLUME  = "42",
  PAGES   = "4473--4481",
  doi = "10.1002/2015GL063628"
  }

% item art:DB13

@ARTICLE{art:DB13,
  AUTHOR       = "Martin J. Doble and Jean-Raymond Bidlot",
  YEAR         = "2013",
  TITLE        = "Wave buoy measurements at the {A}ntarctic sea ice edge compared with an enhanced {ECMWF WAM}: Progress towards global waves-in-ice modelling",
  JOURNAL = OMOD,
  VOLUME  = "70",
  PAGES   = "166--173" }

% item art:Dea06

@ARTICLE{art:Dea06,
  AUTHOR  = "M. A. Donelan and A. V. Babanin and I. R. Young and M. L. Banner",
  YEAR    = "2006",
  TITLE   = "Wave follower measurements of the wind-input spectral function.
             {Part II.} {P}arameterization of the wind input",
  JOURNAL = JPO,
  VOLUME  = "36",
  PAGES   = "1,672--1,689" }

% item art:Dea06

@ARTICLE{art:Don12,
  AUTHOR  = "M. A. Donelan and M. Curcic and S. S. Chen and A. K. Magnusson",
  YEAR    = "2012",
  TITLE   = "Modeling Waves and Wind Stress.",
  JOURNAL = JGR,
  VOLUME  = "117",
  PAGES   = "1--26" }

% item art:Dore78

@ARTICLE{art:Dore78,
  AUTHOR = "B. D. Dore",
  YEAR   = 1978,
  TITLE  = "Some effects of the air-water interface on gravity waves",
  JOURNAL = "Geophys. Astrophys. Fluid. Dyn.",
  VOLUME = 10,
  PAGES  = "215--230" }

% item art:Dea11

@ARTICLE{art:Dea11,
   author = "D. Dumont and A. Kohout and L. Bertino",
   title = "A wave-based model for the marginal ice zone including a floe breaking parameterization",
   journal = JGR,
   volume = 116,
   number = {C4},
   note = "C04001",
   year = 2011,
   doi="10.1029/2010JC006682",
   keywords = {sea ice},
}


% item art:EB96

@ARTICLE{art:EB96,
  AUTHOR  = "Y. Eldeberky and J. A. Battjes",
  YEAR    = "1996",
  TITLE   = "Spectral modelling of wave breaking: {A}pplication to Boussinesq
             equations",
  JOURNAL = JGR,
  VOLUME  = "101",
  PAGES   = "1,253--1,264" }

% item art:EHG94

@ARTICLE{art:EHG94,
  AUTHOR = "Steve Elgar and T. H. C. Herbers and R. T. Guza",
  YEAR   = "1994",
  TITLE  = "Reflection of ocean surface gravity waves from a natural beach",
  JOURNAL = JPO,
  VOLUME = "24",
  PAGES  = "1,503--1,511" }

% item art:FA12

@ARTICLE{art:FA12,
  AUTHOR = "Jean-Fran{\c c}ois Filipot and Fabrice Ardhuin",
  YEAR   = "2012",
  TITLE  = "A unified spectral parameterization for wave breaking:
            {F}rom the deep ocean to the surf zone",
  JOURNAL = JGR,
  VOLUME = "117",
  number = "C11"}

% item art:FAB10

@ARTICLE{art:FAB10,
  AUTHOR = "Jean-Fran{\c c}ois Filipot and Fabrice Ardhuin and Alexander Babanin",
  YEAR   = "2010",
  TITLE  = "A unified deep-to-shallow-water wave-breaking probability parameterization",
  JOURNAL = JGR,
  VOLUME = "115",
  number  = "C4" }

% item art:Fed12eu

@article{Fed12eu,
author = {Fedele, F and Gallego, G and Yezzi, A and Benetazzo, A and Cavaleri, L and Sclavo, M and Bastianini, M},
journal = {Mathematics and Computers in Simulation},
number = {6},
pages = {1,102--1,111},
publisher = {Elsevier},
title = {{E}uler characteristics of oceanic sea states},
volume = {82},
year = {2012}
}

% item art:Fed12sp

@article{Fed12sp,
author = {Fedele, Francesco},
journal = JPO,
number = {9},
pages = {1,601--1,615},
title = {Space--Time Extremes in Short-Crested Storm Seas},
volume = {42},
year = {2012}
}

% item art:Fed13

@article{Fed13,
author={Fedele, F and Benetazzo, A and Gallego, G and Shih, P-C and Yezzi, A and Barbariol, F and Ardhuin, F},
issn = {14635003},
journal = OMOD,
keywords = {Space-time extremes, Stereo measurement, {WASS}, Wave number-frequency spectrum, Wave statistics},
pages = {103--115},
title = {Space-time measurements of oceanic sea states},
volume = {70},
year = {2013}
}

% item art:For09

@ARTICLE{art:For09,
   author = "M. G. G. Foreman and J. Y. Cherniawsky and V. A. Ballantyne",
   title = "Versatile Harmonic Tidal Analysis: {I}mprovements and Applications",
   journal = JTECH,
   volume = 26,
   pages = "806--817",
   year = 2009}

% item art:GM79

@ARTICLE{art:GM79,
  AUTHOR  = "William D. Grant and Ole Secher Madsen",
  YEAR    = 1979,
  TITLE   = "Combined wave and current interaction with a rough bottom",
  JOURNAL = JGR,
  VOLUME  = 84,
  PAGES   = "1,797--1,808" }

% item art:G70

@ARTICLE{art:G70,
  AUTHOR  = "T. Goda",
  YEAR    = 1970,
  TITLE   = "Numerical experiments on wave statistics with spectral simulation",
  JOURNAL = "Rep. Port Harbour Res. Inst. Jpn.",
  VOLUME  = 9,
  PAGES   = "3--57" }

% item art:HP01

@ARTICLE{art:HP01,
  AUTHOR  = "J. L. Hanson and O. M. Phillips",
  YEAR    = "2001",
  TITLE   = "Automated analysis of ocean surface directional wave spectra",
  JOURNAL = JTech,
  VOLUME  = "18",
  PAGES   = "177--293" }

% item art:Har04

@ARTICLE{art:Har04,
  AUTHOR  = "T. Hara and S. Belcher",
  YEAR    = "2004",
  TITLE   = "Wind Profile and Drag Coefficient over Mature Ocean Surface Wave Spectra",
  JOURNAL = JPO,
  VOLUME  = "34",
  PAGES   = "2345--2358" }

% item art:HMM00

@ARTICLE{art:HMM00,
  AUTHOR  = "T. A. Hardy and L. B. Mason and J. D. Mc{C}onochie",
  YEAR    = "2000",
  TITLE   = "A wave model for the {G}reat {B}arrier {R}eef",
  JOURNAL = OE,
  VOLUME  = "28",
  PAGES   = "45--70" }

% item art:HY96

@ARTICLE{art:HY96,
  AUTHOR  = "T. A. Hardy and I. R. Young",
  YEAR    = "1996",
  TITLE   = "Field study of wave attenuation on an offshore coral reef",
  JOURNAL = JGR,
  VOLUME  = "101",
  PAGES   = "14,311--14,326" }

% item art:HA01

@ARTICLE{art:HA01,
  AUTHOR  = "J. C. Hargreaves and J. D. Annan",
  YEAR    = "2001",
  TITLE   = "Comments on ``{I}mprovement of the short fetch behavior
             in the ocean wave model ({WAM})''",
  JOURNAL = JTech,
  VOLUME  = "18",
  PAGES   = "711--715" }

% item art:Has62

@ARTICLE{art:Has62,
  AUTHOR = "K. Hasselmann",
  YEAR   = "1962",
  TITLE  = "On the non-linear energy transfer in a gravity wave spectrum,
            {P}art 1.  {G}eneral theory",
  JOURNAL = JFM,
  VOLUME = "12",
  PAGES  = "481--500" }

% item art:Has63a

@ARTICLE{art:Has63a,
  AUTHOR = "K. Hasselmann",
  YEAR   = "1963",
  TITLE  = "On the non-linear transfer in a gravity wave spectrum, {P}art 2,
            {C}onservation theory, wave-particle correspondence,
            irreversibility",
  JOURNAL = JFM,
  VOLUME = "15",
  PAGES  = "273--281" }

% item art:Has63b

@ARTICLE{art:Has63b,
  AUTHOR = "K. Hasselmann",
  YEAR   = "1963",
  TITLE  = "On the non-linear transfer in a gravity wave spectrum, {P}art 3.
            {E}valuation of energy flux and sea-swell interactions for
            a {N}euman spectrum",
  JOURNAL = JFM,
  VOLUME = "15",
  PAGES  = "385--398" }

% item art:JONSWAP

@ARTICLE{art:JONSWAP,
  AUTHOR = "K. Hasselmann and T. P. Barnett and E. Bouws and H. Carlson and
            D. E. Cartwright and K. Enke and J. A. Ewing and H. Gienapp and
            D. E. Hasselmann and P. Kruseman and A. Meerburg and P. M{\"u}ller
            and D. J. Olbers and K. Richter and W. Sell and H. Walden",
  YEAR   = "1973",
  TITLE  = "Measurements of wind-wave growth and swell decay during
            the {J}oint {N}orth {S}ea {W}ave {P}roject {(JONSWAP)}",
  JOURNAL = "Erg{\"a}nzungsheft zur Deutschen Hydrographischen Zeitschrift, Reihe A(8)",
  VOLUME = "12",
  NOTE   = "95 pp." }

% item art:Hea85a

@ARTICLE{art:Hea85a,
  AUTHOR = "S. Hasselmann and K. Hasselmann",
  YEAR   = "1985",
  TITLE  = "Computations and parameterizations of the nonlinear energy
            transfer in a gravity-wave spectrum, {Part I:} {A} new method
            for efficient computations of the exact nonlinear transfer
            integral",
  JOURNAL = JPO,
  VOLUME = "15",
  PAGES  = "1,369--1,377" }

% item art:Hea85b

@ARTICLE{art:Hea85b,
  AUTHOR  = "S. Hasselmann and K. Hasselmann and J. H. Allender and
             T. P. Barnett",
  YEAR    = "1985",
  TITLE   = "Computations and parameterizations of the nonlinear
             energy transfer in a gravity-wave spectrum, {Part II:}
             {P}arameterizations of the nonlinear energy transfer for
             application in wave models",
  JOURNAL = JPO,
  VOLUME  = "15",
  PAGES   = "1,378--1,391" }

% item art:HB97

@ARTICLE{art:HB97,
   author = "T. H. C. Herbers and M. C. Burton",
   title = "Nonlinear shoaling of directionally spread waves on a beach",
   journal = JGR,
   volume  = 102,
   number  = "C9",
   pages   = "21,101--21,114",
   year   = 1997,}

% item art:HJ99

@ARTICLE{art:HJ99,
  AUTHOR  = "H. Hersbach and P. A. E. M. Janssen",
  YEAR    = "1999",
  TITLE   = "Improvement of the short fetch behavior in the wave ocean
             model ({WAM})",
  JOURNAL = JTech,
  VOLUME  = "16",
  PAGES   = "884--892" }

% item art:HJ01

@ARTICLE{art:HJ01,
  AUTHOR  = "H. Hersbach and P. A. E. M. Janssen",
  YEAR    = "2001",
  TITLE   = "Reply to comments on ``{I}mprovement of the short fetch behavior
             in the wave ocean model {(WAM)}''",
  JOURNAL = JTech,
  VOLUME  = "18",
  PAGES   = "716--721" }

% item art:HH80

@ARTICLE{art:HH80,
  AUTHOR  = "K. Herterich and K. Hasselmann",
  YEAR    = "1980",
  TITLE   = "A similarity relation for the nonlinear energy transfer in
             a finite-depth gravity-wave spectrum",
  JOURNAL = JFM,
  VOLUME  = "97",
  PAGES   = "215--224" }

% item art:Hino68

@ARTICLE{art:Hino68,
  AUTHOR  = "M. Hino",
  YEAR    = "1968",
  TITLE   = "Equilibrium-range spectra of sand waves formed by flowing water",
  JOURNAL = JFM,
  VOLUME  = 34,
  number = 3,
  PAGES   = "565--573" }

% item art:Hwa11

@ARTICLE{art:Hwa11,
  AUTHOR  = "P. A. Hwang",
  YEAR    = "2011",
  TITLE   = "A Note on the Ocean Surface Roughness Spectrum",
  JOURNAL = JTech,
  VOLUME  = "28",
  PAGES   = "436--443"}

% item art:JLO05

@ARTICLE{art:JLO05,
  AUTHOR  = "R. Jacob, J. Larson, E. Ong",
  YEAR    = "2005",
  TITLE   = "{M}$\times${N} Communication and Parallel Interpolation in {CCSM3} Using the Model Coupling Toolkit.",
  JOURNAL = "Int. J. High Perf. Comp. App.",
  VOLUME  = "19" ,
  Number = "3",
  PAGES   = "293-307"}

% item art:Jan82

@ARTICLE{art:Jan82,
  AUTHOR  = "P. A. E. M. Janssen",
  YEAR    = "1982",
  TITLE   = "Quasilinear approximation for the spectrum of wind-generated
             water waves",
  JOURNAL = JFM,
  VOLUME  = "117",
  PAGES   = "493--506" }

% item art:Jan89

@ARTICLE{art:Jan89,
  AUTHOR  = "P. A. E. M. Janssen",
  YEAR    = "1989",
  TITLE   = "Wind-induced stress and the drag of air-flow over sea waves",
  JOURNAL = JPO,
  VOLUME  = "19",
  PAGES   = "745--754" }

% item art:Jan91

@ARTICLE{art:Jan91,
  AUTHOR = "P. A. E. M. Janssen",
  YEAR   = 1991,
  TITLE  = "Quasi-linear theory of of wind wave generation applied to
            wave forecasting",
  JOURNAL = JPO,
  VOLUME  = "21",
  PAGES   = "1,631--1,642" }

% item art:Jan09

@ARTICLE{art:Jan09,
   author  = "Peter A. E. M. Janssen",
   title   = "On some consequences of the canonical transformation in
              the {H}amiltonian theory of water waves",
   journal = JFM,
   year    = 2009,
   volume  = 637,
   pages   = "1--44", }

% item art:Jones99

@ARTICLE{art:Jones99,
  AUTHOR      = "P. W. Jones",
   title = "First- and second-order conservative remapping schemes for grids
            in spherical coordinates",
   journal =MWR,
   volume = 127,
   pages = "2,204--2,210",
   year = 1999 }

% item art:KC92

@ARTICLE{art:KC92,
  AUTHOR  = "K. K. Kahma and C. J. Calkoen",
  YEAR    = "1992",
  TITLE   = "Reconciling discrepancies in the observed growth rates of
             wind waves",
  JOURNAL = JPO,
  VOLUME  = "22",
  PAGES   = "1,389--1,405" }

% item art:KHH84

@ARTICLE{art:KHH84,
  AUTHOR  = "G. J. Komen and S. Hasselmann and K. Hasselmann",
  YEAR    = "1984",
  TITLE   = "On the existence of a fully developed wind-sea spectrum",
  JOURNAL = JPO,
  VOLUME  = "14",
  PAGES   = "1,271--1,285" }

% item art:KM08

@ARTICLE{art:KM08,
   author = "A. L. Kohout and M. H. Meylan",
   title = "An elastic plate model for wave attenuation and ice floe breaking in the marginal ice zone",
   journal = JGR,
   volume = 113,
   number = "C9",
   year = 2008,
   doi="10.1029/2007JC004434",
   keywords = {sea ice},
}

% item art:Kra94

@ARTICLE{art:Kra94,
  AUTHOR  = "Vladimir P. Krasitskii",
  YEAR    = 1994,
  TITLE   = "On reduced equations in the {H}amiltonian theory of
             weakly nonlinear surface waves",
  JOURNAL = JFM,
  VOLUME  = 272,
  PAGES   = "1--20" }

% item art:Kre49

@ARTICLE{art:Kre49,
  AUTHOR  = "G. Kreisel",
  YEAR    = 1949,
  TITLE    = "Surface waves",
  JOURNAL  = QJAM,
  VOLUM    = 7,
  PAGES    = "21--44" }

% item art:KVH88

@ARTICLE{art:KVH88,
  AUTHOR  = "A. J. Kuik and G. {Ph}. {Van Vledder} and L.H. Holthuijsen",
  YEAR    = "1988",
  TITLE   = "A method for the routine analysis of pitch-and-roll buoy
             wave data",
  JOURNAL = JPO,
  VOLUME  = "18",
  PAGES   = "1,020--1,034" }

% item art:LJO05

@ARTICLE{art:LJO05,
  AUTHOR  = "J. Larson, R. Jacob, E. Ong",
  YEAR    = "2005",
  TITLE   = "The Model Coupling Toolkit: A New Fortran90 Toolkit for Building Multiphysics Parallel Coupled Models",
  JOURNAL = "Int. J. High Perf. Comp. App.",
  VOLUME  = "19", 
  Number = "3",
  PAGES   = "277-292" }

% item art:Leo79

@ARTICLE{art:Leo79,
  AUTHOR  = "B. P. Leonard",
  YEAR    = "1979",
  TITLE   = "A stable and accurate convective modelling procedure
             based on quadratic upstream interpolation",
  JOURNAL = CMAME,
  VOLUME  = "18",
  PAGES   = "59--98" }

% item art:Leo91

@ARTICLE{art:Leo91,
  AUTHOR  = "B. P. Leonard",
  YEAR    = "1991",
  TITLE   = "The {ULTIMATE} conservative difference scheme applied
             to unsteady one-dimensional advection",
  JOURNAL = CMAME,
  VOLUME  = "88",
  PAGES   = "17--74" }

% item art:LLM96

@ARTICLE{art:LLM96,
  AUTHOR  = "B. P. Leonard and A. P. Lock and M. K. MacVean",
  YEAR    = "1996",
  TITLE   = "Conservative explicit unrestricted-time-step multidimensional
             constancy-prexerving advection schemes ",
  JOURNAL = MWR,
  VOLUME  = "124",
  PAGES   = "2,588--2,606" }

% item art:Li03

@ARTICLE{art:Li03,
  AUTHOR  = "J. G. Li",
  YEAR    = "2003",
  TITLE   = "A multiple-cell flat-level model for atmospheric tracer
             dispersion over complex terrain",
  JOURNAL = BLM,
  VOLUME  = "107",
  PAGES   = "289--322" }

% item art:Li08

@ARTICLE{art:Li08,
  AUTHOR  = "J. G. Li",
  YEAR    = "2008",
  TITLE   = "Upstream nonoscillatory advection schemes",
  JOURNAL = MWR,
  VOLUME  = "136",
  PAGES   = "4,709--4,729" }

% item art:Li11

@ARTICLE{art:Li11,
  AUTHOR  = "J. G. Li",
  YEAR    = "2011",
  TITLE   = "Global transport on a spherical multiple-cell grid",
  JOURNAL = MWR,
  VOLUME  = "139",
  PAGES   = "1,536--1,555" }

% item art:Li12

@ARTICLE{art:Li12,
  AUTHOR  = "J. G. Li",
  YEAR    = "2012",
  TITLE   = "Propagation of ocean surface waves on a spherical
             multiple-cell grid",
  JOURNAL = JCP,
  VOLUME  = "231",
  number = "24",
  PAGES   = "8,262--8,277" }

% item art:Li16

@ARTICLE{art:Li16,
  AUTHOR  = "J. G. Li",
  YEAR    = "2016",
  TITLE   = "Ocean surface waves in an ice-free {A}rctic {O}cean", 
  JOURNAL = ODy,
  VOLUME  = "66",
  number = "8",
  PAGES   = "989--1,004" }

% item tol:LiS17

@INPROCEEDINGS{tol:LiS17,
  AUTHOR  = "J. G. Li and A. Saulter",
  YEAR    = "2017",
  TITLE   = "Applications of the spherical multiple-cell grid 
             in ocean surface wave models",
  BOOKTITLE  = Livp1st, 
  NOTE       = "{P}aper {I1}",
  PAGES      = "20" }

% item art:LH84

@ARTICLE{art:LH84,
  AUTHOR  = "M. S. Longuet-Higgins",
  TITLE   = "Statistical properties of wave groups in a random sea state",
  JOURNAL = "Phil. Trans. R. Soc. A.",
  YEAR    = "1984",
  NUMBER  = "1521",
  PAGES   = "219--250",
  VOLUME  = "312" }

% item art:LHV91

@ARTICLE{art:LHV91,
  AUTHOR  = "A. K. Liu and B. Holt and P. W. Vachon",
  TITLE   = "Wave propagation in the marginal ice zone: model predictions
             and comparisons with buoy and synthetic aperture radar data",
  JOURNAL = JGR,
  VOLUME  = 96,
  NUMBER  = "C3",
  PAGES   = "4,605--4,621",
  YEAR    = 1991}

% item art:LMC88

@ARTICLE{art:LMC88,
  AUTHOR  = "A. K. Liu and E. Mollo-Christensen",
  TITLE   = "Wave propagation in a solid ice pack",
  JOURNAL =JPO,
  VOLUME  = 18,
  PAGES   = "1,702--1,712",
  YEAR    = 1988 }
  
% item art:LHS60

@ARTICLE{art:LHS60,
  AUTHOR  = "Michael S. Longuet-Higgins and R. W. Stewart",
  YEAR    = 1960,
  TITLE   = "Changes in the form of short gravity waves on long waves and tidal currents",
  JOURNAL = JFM,
  VOLUME  = 8,
  PAGES   = "565--583" }
  
% item art:LHS61

@ARTICLE{art:LHS61,
  AUTHOR  = "M. S. {Longuet-Higgins} and R. W. Stewart",
  YEAR    = "1961",
  TITLE   = "The changes in amplitude of short gravity waves on steady
             non-uniform currents",
  JOURNAL = JFM,
  VOLUME  = "10",
  PAGES   = "529--549" }

% item art:LHS62

@ARTICLE{art:LHS62,
  AUTHOR  = "M. S. {Longuet-Higgins} and R. W. Stewart",
  YEAR    = "1962",
  TITLE   = "Radiation stress and mass transport in gravity waves,
             with application to 'surf-beats'",
  JOURNAL = JFM,
  VOLUME  = "10",
  PAGES   = "529--549" }

% item art:LKS15

@ARTICLE{art:LKS15,
  AUTHOR = "J. Li and A. L. Kohout and H. H. Shen",
  YEAR   = 2015,
  TITLE  = "Comparison of wave propagation through ice covers in calm and storm conditions",
  JOURNAL = GRL,
  VOLUME  = "42",
  DOI = "doi:10.1002/2015GL064715",
  PAGES   = "5935--5941" }

% item art:LK17

@ARTICLE{art:LK17,
  AUTHOR = "J. Li and A. L. Kohout and M. J. Doble and P. Wadhams and C. Guan and H. H. Shen",
  YEAR   = "2017",
  TITLE  = "Rollover of apparent wave attenuation in ice covered seas",
  JOURNAL = JGR,
  VOLUME = "122",
  DOI = "https://doi.org/10.1002/2017JC012978",
  PAGES  = "8557--8566" }
  
% item art:MS93

@ARTICLE{art:MS93,
  AUTHOR = "Per Madsen and Ole Sorensen",
  YEAR   = "1993",
  TITLE  = "Bound waves and triad interactions in shallow water",
  JOURNAL = JOE,
  VOLUME = "20(4)",
  PAGES  = "359--388" }

% item art:Mea07

@ARTICLE{art:Mea07,
  AUTHOR  = "R. Magne and K. Belibassakis and T. H. C. Herbers and F. Ardhuin and W. C. O'Reilly and V. Rey",
  TITLE   = "Evolution of surface gravity waves over a submarine canyon",
  JOURNAL = JGR,
  volume = {112},
number = {C1},
  YEAR    = "2007",
  doi="10.1029/2005JC003035" }

% item art:Mea10

@ARTICLE{art:Mea10,
  AUTHOR  = {Magne, Rudy and Ardhuin, Fabrice and Roland, Aaron},
  TITLE   = {Waves forecast and hincast from global ocean to the beach},
  JOURNAL = {Eur. J. of Environ. and Civil Eng.},
  YEAR    = "2010",
  VOLUME  = "14",
    number={2},
  PAGES   = "149--162" }


% item art:M1894

@ARTICLE{art:M1894,
  AUTHOR  = "J. Mc{C}owan",
  YEAR    = "1894",
  TITLE   = "On the highest wave of permanent type",
  JOURNAL = "Philosophical Magazine",
  VOLUME  = "38",
  PAGES   = "351--358" }

% item art:Miche44

@ARTICLE{art:Miche44,
  AUTHOR  = "A. Miche",
  YEAR    = "1944",
  TITLE   = "Mouvements ondulatoire de la mer en profondeur croissante ou
             d{\'e}croissante. {F}orme limite de la houle lors de son
             d{\'e}ferlement.  {A}pplication aux digues maritimes.
             {D}euxi{\`e}me partie. {M}ouvements ondulatoires p{\'e}riodiques
             en profondeur r{\'e}guli{\`e}rement d{\'e}croissante",
  JOURNAL = "Annales des Ponts et Chauss{\'e}es",
  VOLUME  = "114",
  PAGES   = "25--78,131--164, 270--292,369--406" }

% item art:Miles57

@ARTICLE{art:Miles57,
  AUTHOR  = "J. W. Miles",
  YEAR    = 1957,
  TITLE   = "On the generation of surface waves by shear flows",
  JOURNAL = JFM,
  VOLUME  = 3,
  PAGER    = "185--204" }

% item art:Murr96

@ARTICLE{art:Murr96,
  AUTHOR  = "R. J. Murray",
  YEAR    = "1996",
  TITLE   = "Explicit generation of orthogonal grids for ocean models",
  JOURNAL = JCP,
  VOLUME  = "126",
  number = "2",
  PAGES   = "251--273" }

% item art:Metz14

@ARTICLE{art:Metz14,
  AUTHOR  = "E. J. Metzger and O. M. Smedstad and P. G. Thoppil and H. E. Hurlburt and J. A. Cummings and A. J. Wallcraft and L. Zamudio and D. S. Franklin and P. G. Posey and M. W. Phelps and P. J. Hogan and F. L. Bub and C. J. Dehaan",
  YEAR    = "2014",
  TITLE   = "{US} {N}avy Operational Global Ocean and {A}rctic Ice Prediction Systems",
  JOURNAL = OCEAN,
  VOLUME  = "27",
  number = "3",
  PAGES   = "32--43" }

% item art:Mea06

@ARTICLE{art:Mea06,
  AUTHOR  = "I. J. Moon and I. Ginnis and T. Hara and B. Thomas",
  YEAR    = "2006",
  TITLE   = "Physics-based parameterization of air-sea momentum flux at
             high wind speeds and its impact on hurricane intensity
             predictions",
  JOURNAL = MWR,
  VOLUME  = "135",
  PAGES   = "2,869--2,878" }

% item art:Mea06

@ARTICLE{art:MM06,
  AUTHOR  = "Michael H. Meylan and Diane Masson",
  YEAR    = "2006",
  TITLE   = "Physics-based parameterization of air-sea momentum flux at
             high wind speeds and its impact on hurricane intensity
             predictions",
  JOURNAL = OMOD,
  VOLUME  = 11,
  PAGES   = "417--427" }

% item art:Nel94

@ARTICLE{art:Nel94,
  AUTHOR  = "R. C. Nelson",
  YEAR    = "1994",
  TITLE   = "Depth limited wave heights in very flat regions",
  JOURNAL = CE,
  VOLUME  = "23",
  PAGES   = "43--59" }

% item art:Nel97

@ARTICLE{art:Nel97,
  AUTHOR  = "R. C. Nelson",
  YEAR    = "1997",
  TITLE   = "Height limits in top down and bottom up wave environments.",
  JOURNAL = CE,
  VOLUME  = "32",
  PAGES   = "247--254" }

% item art:Ng00

@ARTICLE{art:Ng00,
  AUTHOR      = "{C.-O.} Ng",
   TITLE = "Water waves over a muddy bed: a two-layer {S}tokes' boundary
            layer model",
   JOURNAL =CE,
   VOLUME = 40,
   NUMBER = 3,
   PAGES = "221--242",
   YEAR = 2000 }

% item art:Phi84

@ARTICLE{art:Phi84,
  AUTHOR  = "O. M. Phillips",
  YEAR    = 1984,
  TITLE   = "On the response of short ocean wave components at a fixed
             wavenumber to ocean current variations",
  JOURNAL = JPO,
  VOLUME  = 14,
  PAGES   = "1,425--1,433" }

% item art:Phi85

@ARTICLE{art:Phi85,
   author = "O. M. Phillips",
   title = "Spectral and statistical properties of the equilibrium range in wind-generated gravity waves",
   journal = JFM,
   volume =156,
   pages = "505--531",
   year = 1985 }

% item art:PM64

@ARTICLE{art:PM64,
  AUTHOR  = "W. J. Pierson and L. Moskowitz",
  YEAR    = "1964",
  TITLE   = "A proposed spectral form for fully developed wind seas
             based on the similarity theory of {S. A. K}itaigorodskii.",
  JOURNAL = JGR,
  VOLUME  = "69",
  PAGES   = "5,181--5,190" }

% item art:PL07

@ARTICLE{art:PL07,
  AUTHOR  = "Polnikov, V. G. and Lavrenov, I. V.",
  YEAR    = "2007",
  TITLE   = "Calculation of the nonlinear energy transfer through the
             wave spectrum at the sea surface covered with broken ice",
  JOURNAL = OCEANOL,
  VOLUME  = 47,
  PAGES   = "334--343" }

% item art:RA94

@ARTICLE{art:RA94,
  AUTHOR  = "P. J. Rasch",
  YEAR    = "1994",
  TITLE   = "Conservative shape-preserving two-dimensional transport
             on a spherical reduced grid",
  JOURNAL = MWR,
  VOLUME  = "122",
  PAGES   = "1,337--1,350" }

% item art:RA13

@ARTICLE{art:RA13,
  AUTHOR  = "Nicolas Rascle and Fabrice Ardhuin",
  TITLE   = "A global wave parameter database for geophysical applications.
             {P}art {2}: {M}odel validation with improved source term
             parameterization",
  JOURNAL = OMOD,
  YEAR    = 2013,
  VOLUME  = "70",
  PAGES  = "174--188"}

% item art:Rei14

@ARTICLE{art:Rei14,
  AUTHOR  = "B. G. Reichl and T. Hara and I. Ginis",
  TITLE   = "Sea State Dependence of the Wind Stress
              over the Ocean under Hurricane Winds",
  JOURNAL = JGR,
  YEAR    = 2014,
  VOLUME  = "119",
  number = "1",
  PAGES  = "30--51"}

% item art:RP91

@ARTICLE{art:RP91,
  AUTHOR  = "D. T. Resio and W. Perrie",
  YEAR    = "1991",
  TITLE   = "A numerical study of nonlinear energy fluxes due to wave--wave
             interactions.  {Part 1}: {M}ethodology and basic results",
  JOURNAL = JFM,
  VOLUME  = "223",
  PAGES   = "603--629" }

@article{art:ricchiuto2005,
  title={Residual distribution for general time-dependent conservation laws},
  author={Ricchiuto, Mario and Cs{\'\i}k, {\'A}rp{\'a}d and Deconinck, Herman},
  journal={Journal of Computational Physics},
  volume={209},
  number={1},
  pages={249--289},
  year={2005},
  publisher={Elsevier}
}

% item art:Roe86

@ARTICLE{art:Roe86,
  AUTHOR = "P. L. Roe",
  YEAR   = "1986",
  TITLE  = "Characteristic-based schemes for the {E}uler equations",
  JOURNAL = "Ann. Rev. Fluid Mech",
  VOLUME = "18",
  PAGES  = "337--365" }

@article{art:rol2009,
  title={On the development and verification of a 2-D coupled wave-current model on unstructured meshes},
  author={Roland, Aron and Cucco, Andrea and Ferrarin, Christian and Hsu, Tai-Wen and Liau, Jian-Ming and Ou, Shan-Hwei and Umgiesser, Georg and Zanke, Ulrich},
  journal={Journal of Marine Systems},
  volume={78},
  pages={S244--S254},
  year={2009},
  publisher={Elsevier}
}

@article{rolandetal2019t,
  title={Improving downscaling efficiency of {WAVEWATCH III} on unstructured grids.},
author={Roland, Aron and Dutour-Sikiric, Mathieu and Aboulali, Ali And  Smith, Jane M. and Hesser, Tyler and Alvez, Henrique and Ardhuin, Fabrice and Chawla, Arun and Fillipot, Jean-Francoise and Michaud, Heloise and Leckler, Fabien},
journal={Geoscientific Model Development},
  volume={submitted},
  year={2019},
  }

@article{AbdolaliEtAl2019OM,
title={Large-scale Hurricane Modeling Using Domain Decomposition Parallelization and Implicit Scheme Implemented in {WAVEWATCH III} Wave Model},
author={Aboulali, Ali And Roland, Aron and {van der Westhuysen}, Andre and Meixner, Jessica and Chawla, Aron and Hesser, Tyler J. and Smith, Jane M.},
journal={Ocean Modeling},
volume={under review},
year={2019},
  }

@article{art:rol2012,
  title={A fully coupled 3D wave-current interaction model on unstructured grids},
  author={Roland, Aron and Zhang, Yinglong J and Wang, Harry V and Meng, Yanqiu and Teng, Yi-Cheng and Maderich, Vladimir and Brovchenko, Igor and Dutour-Sikiric, Mathieu and Zanke, Ulrich},
  journal={Journal of Geophysical Research: Oceans},
  volume={117},
  number={C11},
  year={2012},
  publisher={Wiley Online Library}
}

@article{art:bertin2014,
  title={A modeling-based analysis of the flooding associated with Xynthia, central Bay of Biscay},
  author={Bertin, Xavier and Li, Kai and Roland, Aron and Zhang, Yinglong J and Breilh, Jean Fran{\c{c}}ois and Chaumillon, Eric},
  journal={Coastal Engineering},
  volume={94},
  pages={80--89},
  year={2014},
  publisher={Elsevier}
}

@article{art:rol2014,
  title={On the developments of spectral wave models: numerics and parameterizations for the coastal ocean},
  author={Roland, Aron and Ardhuin, Fabrice},
  journal={Ocean Dynamics},
  volume={64},
  number={6},
  pages={833--846},
  year={2014},
  publisher={Springer}
}

@article{art:bertin2015,
  title={The contribution of short-waves in storm surges: Two case studies in the Bay of Biscay},
  author={Bertin, Xavier and Li, Kai and Roland, Aron and Bidlot, Jean-Raymond},
  journal={Continental Shelf Research},
  volume={96},
  pages={1--15},
  year={2015},
  publisher={Elsevier}
}

% item art:LiET14

@article{art:LiET14,
  title={Unified global and regional wave model on a multi-resolution grid},
  author={Li, Jian-Guo and Saulter, Andrew},
  journal={Ocean Dynamics},
  volume={64},
  number={11},
  pages={1657--1670},
  year={2014},
  publisher={Springer}
}


@article{art:ferrarin2008,
  title={Development and validation of a finite element morphological model for shallow water basins},
  author={Ferrarin, Christian and Umgiesser, Georg and Cucco, Andrea and Hsu, Tai-Wen and Roland, Aron and Amos, Carl L},
  journal={Coastal Engineering},
  volume={55},
  number={9},
  pages={716--731},
  year={2008},
  publisher={Elsevier}
}

@article{art:perrie2018,
  title={Modeling North Atlantic Nor'easters With Modern Wave Forecast Models},
  author={Perrie, Will and Toulany, Bechara and Roland, Aron and Dutour-Sikiric, Mathieu and Chen, Changsheng and Beardsley, Robert C and Qi, Jianhua and Hu, Yongcun and Casey, Michael P and Shen, Hui},
  journal={Journal of Geophysical Research: Oceans},
  volume={123},
  number={1},
  pages={533--557},
  year={2018},
  publisher={Wiley Online Library}
}

@inproceedings{art:janekovic2015,
  title={Unstructured high resolution 2-way coupled storm surge--wave model for Western Australia},
  author={Janekovic, Ivica and Hetzel, Yasha and Pattiaratchi, Charitha and Wijeratne, EMS and Roland, Aron}
}

@article{art:ferrarin2013,
  title={Tide-surge-wave modelling and forecasting in the Mediterranean Sea with focus on the Italian coast},
  author={Ferrarin, Christian and Roland, Aron and Bajo, Marco and Umgiesser, Georg and Cucco, Andrea and Davolio, Silvio and Buzzi, Andrea and Malguzzi, Piero and Drofa, Oxana},
  journal=OMOD,
  volume={61},
  pages={38--48},
  year={2013},
  publisher={Elsevier}
}

@inproceedings{pro:zanke2006,
  title={Spectral wave modelling on unstructured grids with the WWM (Wind Wave Model)—II: The shallow water cases},
  author={Zanke, Ulrich and Roland, Aron and Hsu, Tai-Wen and Ou, Shan-Hwei and Liau, Jian-Ming},
  booktitle={Third Chinese--German Joint Symposium on Coastal and Ocean Engineering (JOINT2006), Tainan, Taiwan},
  year={2006}
}

@inproceedings{pro:rol2006a,
  title={Spectral wave modelling on unstructured grids with the WWM (Wind Wave Model) I: The deep water case},
  author={Roland, Aron and Zanke, Ulrich and Hsu, Tai-Wen and Ou, Shan-Hwei and Liau, Jian-Ming},
  booktitle={Third Chinese--German Joint Symposium on Coastal and Ocean Engineering, Tainan, Taiwan},
  year={2006}
}

@article{art:perrie2013two,
  title={A two-scale approximation for wave--wave interactions in an operational wave model},
  author={Perrie, Will and Toulany, Bechara and Resio, Donald T and Roland, Aron and Auclair, Jean-Pierre},
  journal=OMOD,
  volume={70},
  pages={38--51},
  year={2013},
  publisher={Elsevier}
}

@inproceedings{pro:rol2006b,
  title={Verification of a 3rd generation FEM spectral wave model for shallow and deep water applications},
  author={Roland, Aron and Zanke, Ulrich and Hsu, Tai-Wen and Ou, Shan-Hwei and Liau, Jian-Ming and Wang, Swun-Kwang},
  booktitle={25th International Conference on Offshore Mechanics and Arctic Engineering},
  pages={487--499},
  year={2006},
  organization={American Society of Mechanical Engineers}
}

@article{art:sikiric2013,
  title={Coupling of the Regional Ocean Modeling System (ROMS) and Wind Wave Model},
  author={Sikiri{\'c}, Mathieu Dutour and Roland, Aron and Janekovi{\'c}, Ivica and Tomaz̆i{\'c}, Igor and Kuzmi{\'c}, Milivoj},
  journal=OMOD,
  volume={72},
  pages={59--73},
  year={2013},
  publisher={Elsevier}
}

@article{art:sikiric2012,
  title={Hindcasting the Adriatic Sea near-surface motions with a coupled wave-current model},
  author={Sikiri{\'c}, M Dutour and Roland, Aron and Tomaz, I and Janekovi{\'c}, Ivica and others},
  journal={Journal of Geophysical Research: Oceans},
  volume={117},
  number={C12},
  year={2012},
  publisher={Wiley Online Library}
}

@article{art:kerr2013,
  title={US IOOS coastal and ocean modeling testbed: Inter-model evaluation of tides, waves, and hurricane surge in the Gulf of Mexico},
  author={Kerr, Patrick C and Donahue, Aaron S and Westerink, Joannes J and Luettich, Richard A and Zheng, LY and Weisberg, Robert H and Huang, Y and Wang, HV and Teng, Y and Forrest, DR and others},
  journal={Journal of Geophysical Research: Oceans},
  volume={118},
  number={10},
  pages={5129--5172},
  year={2013},
  publisher={Wiley Online Library}
}

@article{art:karypis2011,
  title={METIS and ParMETIS},
  author={Karypis, George},
  booktitle={Encyclopedia of parallel computing},
  pages={1117--1124},
  year={2011},
  publisher={Springer}
}

@article{art:babanin2011,
  title={Spectral wave modelling of Typhoon Krosa},
  author={Babanin, AV and Hsu, T-W and Roland, A and Ou, S-H and Doong, D-J and Kao, CC},
  journal={Natural Hazards and Earth System Sciences},
  volume={11},
  number={2},
  pages={501--511},
  year={2011},
  publisher={Copernicus GmbH}
}

@article{art:liau2011,
  title={Wave refraction--diffraction effect in the wind wave model WWM},
  author={Liau, Jian-Ming and Roland, Aaron and Hsu, Tai-Wen and Ou, Shan-Hwei and Li, Yi-Ting},
  journal={Coastal Engineering},
  volume={58},
  number={5},
  pages={429--443},
  year={2011},
  publisher={Elsevier}
}

@article{art:sikiric2018,
  title={Operational wave modelling in the Adriatic Sea with the Wind Wave Model},
  author={Sikiri{\'c}, Mathieu Dutour and Ivankovi{\'c}, Damir and Roland, Aron and Ivatek-{\v{S}}ahdan, Stjepan and Tudor, Martina},
  journal={Pure and Applied Geophysics},
  pages={1--15},
  year={2018},
  publisher={Springer}
}

@article{art:dodet2013,
  title={Wave-current interactions in a wave-dominated tidal inlet},
  author={Dodet, Guillaume and Bertin, Xavier and Bruneau, Nicolas and Fortunato, Andr{\'e} B and Nahon, Alphonse and Roland, Aron},
  journal={Journal of Geophysical Research: Oceans},
  volume={118},
  number={3},
  pages={1587--1605},
  year={2013},
  publisher={Wiley Online Library}
}


% item art:RBW12

@ARTICLE{art:RBW12,
  AUTHOR  = "W. Erick Rogers and Alexander V. Babanin and David W. Wang",
  TITLE   = "Observation-consistent input and whitecapping dissipation in
             a model for wind-generated surface waves: Description and
             simple calculations",
  JOURNAL = JTECH,
  YEAR    = 2012,
  VOLUME  = "29",
  PAGES   = "1,329--1,346"}

% item pro:RZ14

@INPROCEEDINGS{pro:RZ14,
  AUTHOR       = "W. E. Rogers and S. Zieger",
  YEAR         = 2014,
  TITLE        = "New wave-ice interaction physics in {WAVEWATCH III}",
  BOOKTITLE    = Ice14,
  PUBLISHER    = "IAHR",
  NOTE        = "8 pp., www7320.nrlssc.navy.mil/pubs.php" }

% item rep:RPLA18

@TECHREPORT{rep:RPLA18,
  AUTHOR      = "W. E. Rogers and P. Posey and L. Li and R. A. Allard",
  YEAR        = "2018",
  TITLE       = "Forecasting and hindcasting waves in and near the marginal ice zone: {Wave modeling and the ONR ``Sea State''} field experiment",
  INSTITUTION = "{N}aval {R}esearch {L}aboratory, {S}tennis {S}pace {C}enter, {MS}",
  TYPE        = "NRL Memorandum Report",
  NUMBER      = "NRL/MR/7320--18-9786",
  NOTE       = "179 pp., www7320.nrlssc.navy.mil/pubs.php" }

% item rep:RMK18

@TECHREPORT{rep:RMK18,
  AUTHOR      = "W. E. Rogers and M. H. Meylan and A. L. Kohout",
  YEAR        = "2018",
  TITLE       = "Frequency distribution of dissipation of energy of ocean waves by sea ice using data from {Wave Array 3 of the ONR ``Sea State'' field experiment}",
  INSTITUTION = "{N}aval {R}esearch {L}aboratory, {S}tennis {S}pace {C}enter, {MS}",
  TYPE        = "NRL Memorandum Report",
  NUMBER      = "NRL/MR/7320--18-9801",
  NOTE       = "25 pp., www7320.nrlssc.navy.mil/pubs.php" }

% item art:RH09

@ARTICLE{art:RH09,
  AUTHOR = "W. E. Rogers and K.T. Holland",
  YEAR   = "2009",
  TITLE  = "A study of dissipation of wind-waves by mud at {C}assino
            {B}each, {B}razil: {P}rediction and inversion",
  JOURNAL = CSR,
  VOLUME = "29",
  PAGES  = "676--690" }

% item art:RTS16

@ARTICLE{art:RTS16,
  AUTHOR = "W. E. Rogers and J. Thomson and H. H. Shen and M. J. Doble and P. Wadhams and S. Cheng",
  YEAR   = 2016,
  TITLE  = "Dissipation of wind waves by pancake and frazil ice in the autumn {B}eaufort {S}ea",
  JOURNAL = JGR,
  VOLUME = "121",
  PAGES  = "7991--8007" ,
  doi = "doi:10.1002/2016JC012251"
  }

% item art:CFSRR10

@ARTICLE{art:CFSRR10,
  AUTHOR = "S. Saha and S. Moorthi and H.L. Pan and X. Wu and J. Wang and
            S. Nadiga and P. Tripp and R. Kistler and J. Woollen and
            D. Behringer and H. Liu and D. Stokes and R. Grumbine and
            G. Gayno and J. Wang and Y.T. Hou and H.Y. Chuang and
            H.M. Juang and J. Sela and M. Iredell and R. Treadon and
            D. Kleist and P. Van Delst and D. Keyser and J. Derber and
            M. Ek and J. Meng and H. Wei and R. Yang and S. Lord and
            H. van den Dool and A. Kumar and W. Wang and C. Long and
            M. Chelliah and Y. Xue and B. Huang and J.K. Schemm and
            W. Ebisuzaki and R. Lin and P. Xie and M. Chen and S. Zhou and
            W. Higgins and C.Z. Zou and Q. Liu and Y. Chen and Y. Han and
            L. Cucurull and R. Reynolds and G. Rutledge and M. Goldberg",
  YEAR   = "2010",
  TITLE  = "The {NCEP} Climate Forecast System Reanalysis",
  JOURNAL = BAMS,
  VOLUME  = "91",
  PAGES   = "1,015--1,057" }

% item art:Sea81

@ARTICLE{art:Sea81,
  AUTHOR  = "R. L. Snyder and F. W. Dobson and J. A. Elliott and
             R. B. Long",
  YEAR    = "1981",
  TITLE   = "Array measurements of atmospheric pressure fluctuations
             above surface gravity waves",
  JOURNAL = JFM,
  VOLUME  = "102",
  PAGES   = "1--59" }

% item art:SAG16

@ARTICLE{art:SAG16,
  AUTHOR  = "Justin E. Stopa and Fabrice Ardhuin and Fanny Girard-Ardhuin",
  YEAR    = "2016",
  TITLE   = "Wave climate in the {A}rctic 1992–2014: seasonality and trends",
  JOURNAL = CRY,
  VOLUME  = "10",
  PAGES   = "1605--1629" }

% item art:SET03,

@article{art:SET00,
  TITLE="Spectral wave modelling with non-linear dissipation: validation and applications in a coastal tidal environment",
  AUTHOR="Schneggenburger, Christoph and G{\"u}nther, Heinz and Rosenthal, Wolfgang",
  JOURNAL="Coastal Engineering",
  VOLUME="41",
  NUMBER="1-3",
  PAGES="201--235",
  YEAR="2000",
  PUBLISHER="Elsevier"
}


% item art:SVB09

@ARTICLE{art:SVB09,
   author = "Vernon A. Squire and Gareth L. Vaughan and Luke G. Bennetts",
   title = "Ocean surface wave evolvement in the {A}rctic {B}asin",
   journal = GRL,
   volume =36,
   pages = "L22502",
   year = 2009,
   where="PDF",
   doi="10.1029/2009GL040676",
   keywords = {wave and sea ice},
}

% item art:TB02

@ARTICLE{art:TB02,
  AUTHOR  = "M. A. C. Teixeira and S. E. Belcher",
  YEAR    = 2002,
  TITLE   = "On the distortion of turbulence by a progressive surface wave",
  JOURNAL = JFM,
  VOLUME  = "458",
  PAGES   = "229--267" }

% item art:TG83

@ARTICLE{art:TG83,
  AUTHOR  = "E. B. Thornton and R. T. Guza",
  YEAR    = "1983",
  TITLE   = "Transformation of wave height distribution",
  JOURNAL = JGR,
  VOLUME  = "88",
  PAGES   = "5,925-5,938" }

% item art:Tea10

@ARTICLE{art:Tea10,
  AUTHOR  = "Tsagareli, K. N. and Babanin, A. V. and Walker, D. J. and
             Young, I. R.",
  YEAR    = 2010,
  TITLE   = "Numerical Investigation of Spectral Evolution of Wind Waves.
             {Part I}: {W}ind-Input Source Function",
  JOURNAL = JPO,
  VOLUME = "40",
  PAGES  = "656--666" }

% item art:VAL13

@ARTICLE{art:VAL13,
  AUTHOR  = "S. Valcke",
  YEAR    = "2013",
  TITLE   = "The {OASIS3} coupler: a {E}uropean climate modelling community software",
  JOURNAL = GMD,
  VOLUME  = "6",
  PAGES   = "373-388" }

% item art:WHR16

@ARTICLE{art:WHR16,
  AUTHOR = "Y. Wang and B. Holt and W. Erick Rogers and J. Thomson and H. H. Shen",
  YEAR   = 2016,
  TITLE  = "Wind and wave influences on sea ice floe size and leads in the {Beaufort and Chukchi Seas} during the summer-fall transition",
  JOURNAL = JGR,
  VOLUME = "121",
  PAGES  = "1502--1525" ,
  doi = "doi:10.1002/2015JC011349"
  }

% item art:WHD13

@ARTICLE{art:WHD13,
  AUTHOR  = "A. J. {Van der Westhuysen} and J. L. Hanson and E. -M. Devaliere",
  YEAR    = "2016",
  TITLE   = "Spatial and temporal tracking of wave systems",
  JOURNAL = JTech,
  NOTE    = "`In prep." }
% VOLUME  = "",
% PAGES   = "" }



% item art:VS91

@ARTICLE{art:VS91,
  AUTHOR  = "L. Vincent and P. Soille",
  YEAR    = 1991,
  TITLE   = "Watersheds in digital spaces: {A}n efficient algorithm based on
             immersion simulations",
  JOURNAL = "IEEE Transactions of Pattern Analysis and Machine Intelligence",
  VOLUME  = 13,
  PAGES   = "583--598" }

% item art:VMH97

@ARTICLE{art:VMH97,
  AUTHOR  = "A. C. Voorrips and V. K. Makin and S. Hasselmann",
  YEAR    = 1997,
  TITLE   = "Assimilation of wave spectra from pitch-and-roll buoys in a {N}orth {S}ea
             wave model",
  JOURNAL = JGR,
  VOLUME  = 102,
  number = C3,
  PAGES   = "5,829--5,849" }


% item art:Wad73

@ARTICLE{art:Wad73,
   author = "P. Wadhams",
   title = "Attenuation of swell by sea ice",
   journal = JGR,
   volume = 78,
   number = 18,
   pages = "3,552--3,563",
   year = 1973,}

% item art:Wad75

@ARTICLE{art:Wad75,
  AUTHOR      = "P. Wadhams",
   TITLE = "Airborne laser profiling of swell in an open ice field",
   JOURNAL =JGR,
   VOLUME = 80,
   NUMBER = "33",
   PAGES = "4,520--4,528",
   YEAR = 1975}

% item art:WAM88

@ARTICLE{art:WAM88,
  AUTHOR  = "{WAMDIG}",
  YEAR    = "1988",
  TITLE   = "The {WAM} model -- {A} third generation ocean wave prediction model",
  JOURNAL = JPO,
  VOLUME  = "18",
  PAGES   = "1,775--1,810" }

% item art:WS10

@ARTICLE{art:WS10,
  AUTHOR   = "R. Wang and H. H. Shen",
 title = {Gravity waves propagating into an ice-covered ocean: {A} viscoelastic model},
  JOURNAL = JGR,
  VOLUME  = "115",
  number = {C6},
  YEAR    = 2010}

% item art:Web78

@ARTICLE{art:Web78,
  AUTHOR  = "D. J. Webb",
  YEAR    = "1978",
  TITLE   = "Non-linear transfers between sea waves",
  JOURNAL = DSR,
  VOLUME  = "25",
  PAGES   = "279--298" }

% item art:WS96

@ARTICLE{art:WS96,
  AUTHOR  = "P. Wessel and W Smith",
  YEAR    = "1996",
  TITLE   = "A global self-consistent hierarchical high resolution shoreline
             database",
  JOURNAL = JGR,
  VOLUME  = "101",
  PAGES   = "8,741--8,743" }

% item art:Whi65

@ARTICLE{art:Whi65,
  AUTHOR  = "G. B. Whitham",
  YEAR    = "1965",
  TITLE   = "A general approach to linear and non-linear dispersive waves
             using a {L}agrangian",
  JOURNAL = JFM,
  VOLUME  = "22",
  PAGES   = "273--283" }

% item art:Wu82

@ARTICLE{art:Wu82,
  AUTHOR  = "J. Wu",
  YEAR    = "1982",
  TITLE   = "Wind-stress coefficients over sea surface from breeze to
             hurricane",
  JOURNAL = JGR,
  VOLUME  = "87",
  PAGES   = "9,704--9,706" }

% item art:YB06

@ARTICLE{art:YB06,
  AUTHOR  = "I. R. Young and A. V. Babanin",
  YEAR    = "2006",
  TITLE   = "Spectral distribution of energy dissipation of wind-generated
             waves due to dominant wave breaking",
  JOURNAL = JPO,
  VOLUME  = "36",
  PAGES   = "376--394" }

% item art:ZBRY13

@ARTICLE{art:ZBRY15,
  AUTHOR       = "S. Zieger and A. V. Babanin and W. E. Rogers and I. R. Young",
  YEAR         = "2015",
  TITLE        = "Observation-based source terms in the third-generation wave model
                   {WAVEWATCH}",
  JOURNAL = OMOD,
  VOLUME  = "96",
  PAGES   = "2--25" }

% item art:Zij10

@ARTICLE{art:Zij10,
  AUTHOR  = "M. Zijlema",
  YEAR    = "2010",
  TITLE   = "Computation of wind-wave spectra in coastal waters with {SWAN} on unstructured
              grids ",
  JOURNAL = CE,
  VOLUME  = "57",
  NUMBER  = "3",
  PAGES   = "267 - 277" }

% item pro:Aea11

@INPROCEEDINGS{pro:Aea11,
  AUTHOR       = "Fabrice Ardhuin and Jenny Hanafin and Yves Quilfen and
                  Bertrand Chapron and Pierre Queffeulou and
                  Mathias Obrebski and Joseph Sienkiewicz and
                  Doug Vandermark",
  YEAR         = 2011,
  TITLE        = "Calibration of the {IOWAGA} Global Wave Hindcast (1991-2011)
                  Using {ECMWF} and {CFSR} Winds",
  BOOKTITLE    = "Proc. 12th Int. Workshop on Wave Forecasting and Hindcasting",
  PAGES        = "1--13"}

% item pro:BY05

@INPROCEEDINGS{pro:BY05,
  AUTHOR    = "A. V. Babanin and Ian R. Young",
  TITLE     = "Two-phase behaviour of the spectral dissipation of wind waves",
  BOOKTITLE = "Proc. Fifth Int. Symp. Ocean Waves Measurement and Analysis",
  YEAR      = 2005}

% item pro:BJ78

@INPROCEEDINGS{pro:BJ78,
  AUTHOR       = "J. A. Battjes  and J. P. F. M. Janssen",
  YEAR         = 1978,
  TITLE        = "Energy loss and set-up due to breaking of random waves",
  BOOKTITLE    = ICCE78,
  PUBLISHER    = "ASCE",
  PAGES        = "569--587" }

% item pro:Bid12

@INPROCEEDINGS{pro:Bid12,
   author = "Jean-Raymond Bidlot",
   title = "Present Status of Wave Forecasting at {E.C.M.W.F.}",
   booktitle = "Proceedings of {ECMWF} workshop on ocean wave forecasting, June",
   year = 2012,
   INSTITUTION = "{ECMWF}, Reading, U. K.",}

% item pro:DHL09

@INPROCEEDINGS{pro:DHL09,
  AUTHOR       = "E. {-M}. Devaliere and J. L. Hanson and R.A. Luettich",
  YEAR         = "2009",
  TITLE        = "Spatial Tracking of Numerical Wave Model Output Using a Spiral Search Algorithm",
  BOOKTITLE    = "2009 {WRI} World Congress on Computer Science and
                  Information Engineering, Los Angeles, CA",
  VOLUME  = "2",
  PAGES   = "404-408",
  doi={10.1109/CSIE.2009.1021}
   }
  


% item pro:Don99

@INPROCEEDINGS{pro:Don99,
  AUTHOR       = "M. A. Donelan",
  TITLE        = "Wind-induced growth and attenuation of laboratory waves",
  BOOKTITLE   = "Wind-over-wave couplings: {P}erspectives and prospects",
  YEAR        = 1999,
  PAGES       = "183--194",
  publisher = "Clarendon Press",  
  location = "Oxford, U. K."}

% item pro:Don01

@INPROCEEDINGS{pro:Don01,
  AUTHOR       = "M. A. Donelan",
  TITLE        = "A nonlinear dissipation function due to wave breaking",
  BOOKTITLE   = "Proc. {ECMWF} Workshop on Ocean Wave Forecasting",
  YEAR        = 2001,
  PAGES       = "87--94",
  INSTITUTION = "ECMWF, Reading, U. K."}



% item pro:FC93

@INPROCEEDINGS{pro:FC93,
  AUTHOR       = "R. A. Falconer and Cayhono",
  YEAR         = "1993",
  TITLE        = "Water quality modelling in well mixed estuaries using
                  higher order accurate differencing schemes",
  BOOKTITLE    = "Advances in Hydro- Science and Engineering",
  EDITOR       = "S. S. Y. Wang",
  PUBLISHER    = "CCHE, University of Mississippi",
  PAGES        = "81--92" }

% item pro:HJ04

@INPROCEEDINGS{pro:HJ04,
  AUTHOR       = "J. L. Hanson and R. E. Jensen",
  YEAR         = "2004",
  TITLE        = "Wave system diagnostics for numerical wave models",
  BOOKTITLE    = "8$\:^{th}$ international workshop on wave hindcasting and
                  forecasting, {JCOMM} {T}ech. {R}ep. 29, {WMO/TD-No.} 1319" }

% item pro:HA98

@INPROCEEDINGS{pro:HA98,
  AUTHOR       = "J. C. Hargreaves and J. D. Annan",
  YEAR         = "1998",
  TITLE        = "Integration of source terms in {WAM}",
  BOOKTITLE    = "Proceedings of the 5th International Workshop on
                  Wave Forecasting and Hindcasting",
  PAGES        = "128--133" }

% item pro:ORe99

@INPROCEEDINGS{pro:ORe99,
  AUTHOR       = "O'Reilly, W. C. and R. T. Guza and R. J. Seymour",
  YEAR         = "1999",
  TITLE        = "Wave Prediction in  the  {S}anta  {B}arbara {C}hannel",
  BOOKTITLE    = "5th {C}alifornia {I}slands Symposium, March 29-31",
  PUBLISHER    = "Mineral Management  Service, Santa Barbara CA" }

% item pro:Rol12

@INPROCEEDINGS{pro:rol2012,
   AUTHOR      = "Aron Roland",
   title       = "Application of Residual Distribution {(RD)} schemes to the
                  geographical part of the wave action equation",
   booktitle   = "Proceedings of {ECMWF} workshop on ocean wave forecasting, June",
   year        = 2012,
   INSTITUTION = "ECMWF, Reading, U. K." }

% item pro:Sea78

@INPROCEEDINGS{pro:Sea78,
  AUTHOR       = "O. Shemdin and K. Hasselmann and S. V. Hsiao and
                  K. Heterich",
  YEAR         = "1978",
  TITLE        = "Nonlinear and linear bottom interaction effects in
                  shallow water",
  BOOKTITLE    = "Turbulent fluxes through the sea surface, wave
                  dynamics and prediction",
  PUBLISHER    = "{NATO Conf. Ser. V, Vol 1}",
  PAGES        = "347--365" }

% item pro:vVl00

@INPROCEEDINGS{pro:vVl00,
  AUTHOR       = "G. {Ph}. {Van Vledder}",
  YEAR         = "2000",
  TITLE        = "Improved method for obtaining the integration space
                  for the computation of nonlinear quadruplet wave-wave
                  interaction",
  BOOKTITLE    = "Proceedings of the 6th International Workshop on
                  Wave Forecasting and Hindcasting",
  PAGES        = "418--431" }

% item rep:AB02

@TECHREPORT{rep:AB02,
  AUTHOR      = "S. Abdalla and J. R. Bidlot",
  YEAR        = 2002,
  TITLE       = "Wind gustiness and air density effects and other key changes to
             wave model in {CY25R1}",
  INSTITUTION = "Research Department, ECMWF, Reading, U. K.",
  NUMBER      = "Memomrandum R60.9/SA/0273" }

% item rep:Bea05

@TECHREPORT{rep:Bea05,
  AUTHOR      = "J. R.  Bidlot and S. Abdalla and P. A. E. M. Janssen",
  YEAR        = 2005,
  TITLE       = "A revised formulation for ocean wave dissipation in {CY25R1}",
  INSTITUTION = "Research Department, ECMWF, Reading, U. K.",
  NUMBER      = "Memorandum R60.9/JB/0516" }

% item rep:Bea07

@TECHREPORT{rep:Bea07,
  AUTHOR      = "J. R.  Bidlot and P. A. E. M. Janssen and S. Abdalla ",
  YEAR        = 2007,
  TITLE       = "A revised formulation of ocean wave dissipation and its
                 model impact",
  INSTITUTION = "ECMWF, Reading, U. K.",
  NUMBER      = "Memorandum 509",
  PAGES       = "29" }

% item rep:Chr82

@TECHREPORT{rep:Chr82,
  AUTHOR      = "J. B. Christoffersen",
  YEAR        = "1982",
  TITLE       = "Current depth refraction of dissipative water waves",
  INSTITUTION = "Institute of Hydrodynamics and Hydraulic Engineering,
                 Techn. Univ. Denmark",
  TYPE        = "Series Paper",
  NUMBER      = "30" }

% item rep:Eld95

@TECHREPORT{rep:Eld95,
   author = "Yasser Eldeberky",
   title  = "Personal communication with {R.} {R}is",
   school = "",
   year   = 1995,
   NOTE   = "" }

% item rep:Eld96

@PHDTHESIS{rep:Eld96,
   author = "Yasser Eldeberky",
   title  = "Nonlinear transformationations of wave spectra in the nearshore
             zone",
   school = "Delft University of Technology, Delft, The Netherlands",
   year   = 1996,
   NOTE   = "203 pp." }

% item rep:Lec13

@PHDTHESIS{rep:Lec13,
   author = "Fabien Leckler",
   title  = "Observation and modelling of wave breaking",
   school = "Universit{\'e} de Bretagne Occidentale, Brest, France",
   year   = 2013,
   NOTE   = "150 pp." }

% item rep:GRIB1

@ARTICLE{Leckler&al.2015,
  author =   "Fabien Leckler and  Fabrice Ardhuin and Charles Peureux and Alvise Benetazzo and Filippo Bergamasco and Vladimir Dulov",
  title =    "Analysis and interpretation of frequency-wavenumber spectra of young wind waves",
  journal =  JPO,
  volume =   45,
  pages =    "2484--2496",
  year =     2015, 
  doi="10.1175/JPO-D-14-0237.1",
KEYWORDS={stereo;stereo video},
}

@TECHREPORT{rep:GRIB1,
  AUTHOR      = "{NCEP}",
  YEAR        = "1998",
  TITLE       = "{GRIB}",
  INSTITUTION = "{NOAA/NWS/NCEP}",
  TYPE        = "Office Note",
  NUMBER      = "388",
  NOTE        = "Available by anonymous ftp from ftp://nic.fb4.noaa.gov" }

% item rep:RC09

@TECHREPORT{rep:RC09,
  AUTHOR      = "W. E. Rogers and T. J. Campbell",
  YEAR        = "2009",
  TITLE       = "Implementation of curvilinear coordinate system in the
                 {WAVEWATCH III} model",
  INSTITUTION = "{N}aval {R}esearch {L}aboratory, {S}tennis {S}pace {C}enter, {MS}",
  TYPE        = "NRL Memorandum Report",
  NUMBER      = "NRL/MR/7320--09-9193",
  NOTE       = "42 pp., www7320.nrlssc.navy.mil/pubs.php" }

% item rep:RO13

@TECHREPORT{rep:RO13,
  AUTHOR      = "W. E. Rogers and M. D. Orzech",
  YEAR        = "2013",
  TITLE       = "Implementation and testing of ice and mud source functions in {WAVEWATCH III} model",
  INSTITUTION = "{N}aval {R}esearch {L}aboratory, {S}tennis {S}pace {C}enter, {MS}",
  TYPE        = "NRL Memorandum Report",
  NUMBER      = "NRL/MR/7320--13-9462",
  NOTE       = "31 pp., www7320.nrlssc.navy.mil/pubs.php" }

% item rep:Roland2008

@ARTICLE{rep:Abdolalli2018,
  AUTHOR      = "A. Abdolali and A. Roland and A. {van der Westhuysen} and Z. Ma and A. Chawla",
   title  = "Wind Wave Modeling of Storm-Induced Hurricanes Using Implicit Scheme in {WAVEWATCH III} Model Over Large Scale Resolved Bathymetries, Modeling of Storm-Induced Hurricanes Inundation through a Comprehensive Flexible Coupling Framework",
  JOURNAL = "98th AMS Annual Meeting - American Meteorological Society",
  year = "2018",
  NOTE= "{A}ustin, TX, USA."}


@ARTICLE{rep:Abdolalli2019,
  AUTHOR      = "A. Abdolali and A. Roland and A. {van der Westhuysen} and A. Chawla and S. Moghimi and S. Vinogradov",
   title  = "On the comparison of Implicit with Explicit Schemes in {WAVEWATCH III}",
 JOURNAL = "99th AMS Annual Meeting - American Meteorological Society",
  year = "2019",
  NOTE= "{P}hoenix, AZ, USA."}

@ARTICLE{Smith2018,
  AUTHOR      = "J. M. Smith and T. Hesser and M. A. Bryant and A. Roland and A. Chawla and A. Abdolali and H. Alves and A. {van der Westhuysen}",
  title  = "Validation Of Unstructured {WAVEWATCH III} For Nearshore Waves",
 JOURNAL = "Proceeding of 36th International Conference on Coastal Engineering (ICCE2018),  ASCE",
  year = "2018",
  NOTE= "{B}altimore, MD, USA."}

@ARTICLE{rep:karypis2011metis,
  title={METIS and ParMETIS},
  author={Karypis, George},
  booktitle={Encyclopedia of parallel computing},
  pages={1117--1124},
  year={2011},
  publisher={Springer}
}

% item art:RAR14

@article{art:RAR14,
  title={On the developments of spectral wave models: numerics and parameterizations for the coastal ocean},
  author={Roland, Aron and Ardhuin, Fabrice},
  journal={Ocean Dynamics},
  volume={64},
  number={6},
  pages={833--846},
  year={2014},
  publisher={Springer}
}


@PHDTHESIS{rep:Roland2008,
   author = "Aron Roland",
   title  = "Development of {WWM II}: Spectral wave modelling on unstructured
             meshes",
   school = "Technische Universit{\"a}t Darmstadt, Institute of Hydraulic
             and Water Resources Engineering",
   year   = 2009,
  NUMBER  = "Heft 146",
  NOTE   = "212 pp." }

% item rep:TR82

@TECHREPORT{rep:TR82,
  AUTHOR      = "B. Tracy and D. T. Resio",
  YEAR        = "1982",
  TITLE       = "Theory and calculation of the nonlinear energy transfer
                 between sea waves in deep water",
  INSTITUTION = "US Army Corps of Engineers",
  TYPE        = "WES Report",
  NUMBER      = "11"}

% item rep:TTH06

@TECHREPORT{rep:TTH06,
  AUTHOR      = "F. T. Tracy and B. Tracy and D. T. Resio",
  YEAR        = "2006",
  TITLE       = "{ERDC} {MSRC} {R}esource",
  INSTITUTION = "US Army Corps of Engineers",
  NUMBER      = "Fall 2006"}

% item rep:vVl02a

@TECHREPORT{rep:vVl02a,
  AUTHOR      = "G. {Ph}. {Van Vledder}",
  YEAR        = "2002",
  TITLE       = "Improved parameterizations of nonlinear four wave interactions
                 for application in operational wave prediction models",
  INSTITUTION = "Alkyon, The Netherlands",
  TYPE        = "Report",
  NUMBER      = "151a"}

% item rep:vVl02b

@TECHREPORT{rep:vVl02b,
  AUTHOR      = "G. {Ph}. {Van Vledder}",
  YEAR        = "2002",
  TITLE       = "A subroutine version of the {W}ebb/{R}esio/{T}racy method for
                 the computation of nonlinear quadruplet interactions in
                 a wind-wave spectrum",
  INSTITUTION = "Alkyon, The Netherlands",
  TYPE        = "Report",
  NUMBER      = "151b"}

% item rep:GRIB2

@TECHREPORT{rep:GRIB2,
  AUTHOR      = "{WMO}",
  YEAR        = "2001",
  TITLE       = "{WMO MANUAL ON CODES VOLUME I - I}nternational codes;
                  Part {B} - Binary codes",
  INSTITUTION = "{WMO}",
  TYPE        = "Publication Number",
  NUMBER      = "306" }

% item bk:Bab11

@BOOK{bk:Bab11,
  AUTHOR    = "A. V. Babanin",
  YEAR      = "2011",
  TITLE     = "Breaking and dissipation of ocean surface waves",
  PUBLISHER = "Cambridge University Press",
  NOTE      = "480 pp." }

% item bk:CSea06

@BOOK{bk:CSea06,
  AUTHOR    = "B. Collins-{S}ussmann and B. W. Fitzpatrick and C. M. Pilato",
  YEAR      = "2004",
  TITLE     = "Version control with subversion",
  PUBLISHER = "{O'R}eilly",
  NOTE      = "320 pp.\footnote{~Updated versions available online at
                                http://subversion.tigris.org/.}" }

% item bk:Fle88

@BOOK{bk:Fle88,
  AUTHOR    = "C. A. J. Fletcher",
  YEAR      = "1988",
  TITLE     = "Computational techniques for fluid dynamics, part {I} and {II}",
  PUBLISHER = "Springer",
  NOTE      = "484 pp." }

% item bk:GLS97

@BOOK{bk:GLS97,
  AUTHOR    = "W. Gropp and E. Lusk and A. Skjellum",
  YEAR      = "1997",
  TITLE     = "Using {MPI}: {P}ortable parallel programming with the
               message-passing interface",
  PUBLISHER = "MIT Press",
  NOTE      = "299 pp." }

% item bk:Jan04

@BOOK{bk:Jan04,
  author = "P. A. E. M. Janssen",
  title = "The interaction of ocean waves and wind",
  publisher = "Cambridge University Press",
  pages = "300",
  year = "2004" }

% item ibk:KC94

@INBOOK{ibk:KC94,
  AUTHOR      = "K. K. Kahma and  C. J. Calkoen",
  YEAR        = "1994",
  TITLE       = "Dynamics and modelling of ocean waves",
  CHAPTER     = "{II}.8 Growth curve observations",
  PAGES       = "174--182",
  PUBLISHER   = "Cambridge Univ. Press" }

% item bk:WAM94

@BOOK{bk:WAM94,
  AUTHOR    = "G. J. Komen and L. Cavaleri and M. Donelan and K. Hasselmann
               and S. Hasselmann and P. A. E. M. Janssen",
  YEAR      = "1994",
  TITLE     = "Dynamics and modelling of ocean waves",
  PUBLISHER = "Cambridge University Press",
  NOTE      = "532 pp." }

% item bk:Mei83

@BOOK{bk:Mei83,
  AUTHOR    = "C. C. Mei",
  YEAR      = "1983",
  TITLE     = "The applied dynamics of ocean surface waves",
  PUBLISHER = "Wiley, New York",
  NOTE      = "740 pp." }

% item bk:MR99

@BOOK{bk:MR99,
  AUTHOR    = "M. Metcalf and J. Reid",
  YEAR      = "1999",
  TITLE     = "{FORTRAN} 90/95 explained, second edition",
  PUBLISHER = "Oxford University Press",
  NOTE      = "341 pp." }

% item bk:Phi77

@BOOK{bk:Phi77,
  AUTHOR    = "O. M. Phillips",
  YEAR      = "1977",
  TITLE     = "The dynamics of the upper ocean, second edition",
  PUBLISHER = "Cambridge Univ. Press",
  NOTE      = "336 pp." }

% item bk:Soul97

@BOOK{bk:Soul97,
   author = "Richard Soulsby",
   title = "Dynamics of marine sands, a manual for practical applications",
   publisher = "Thomas Telford Publications",
   pages = "256",
   year = 1997,
   address="London"}

% item PhD:Cah

@MANUAL{PhD:Cah,
  AUTHOR      = "Cahyono",
  YEAR        = "1994",
  TITLE       = "Three-dimensional numerical modelling of sediment transport
                 processes in non-stratified estuarine and coastal waters",
  SCHOOL      = "University of Bradford",
  NOTE        = "Ph.D. Thesis, University of Bradford, 315~pp." }

% item man:GrADS

@MANUAL{man:GrADS,
  AUTHOR      = "B. Doty",
  YEAR        = "1995",
  TITLE       = "The grid analysis and display system {GrADS}",
  ORGANIZATION = "COLA",
  ADDRESS     = " http://www.iges.org/grads"}

% item man:SWAN3

@MANUAL{man:SWAN3,
  AUTHOR      = "L. H. Holthuijsen and N. Booij and R. C. Ris and
                 {IJ}. G. Haagsma and A. T. M. M. Kieftenburg and
                 E. E. Kriezi",
  YEAR        = "2001",
  TITLE       = "{SWAN Cycle III} version 40.11 user manual",
  ORGANIZATION = "Delft University of Technology,
                  Department of Civil Engineering",
  ADDRESS     = "P.O. Box 5048, 2600 GA Delft, The Netherlands",
  NOTE        = "see http://swan.ct.tudelft.nl" }

% item man:Jones98

@MANUAL{man:Jones98,
  AUTHOR      = "P. W. Jones",
  YEAR        = "1998",
  TITLE       = "{A User's Guide for {SCRIP}: {A} Spherical Coordinate Remapping and
                 Interpolation Package, Version 1.5}",
  INSTITUTION = "Los Alamos National Laboratory",
  TYPE        = "Report",
  NOTE    = "29 pp." }

% item tol:MMAB07a

@TECHREPORT{tol:MMAB07a,
  AUTHOR      = "A. Chawla and H. L. Tolman",
  YEAR        = "2007",
  TITLE       = "Automated grid generation for {WAVEWATCH III} ",
  INSTITUTION = "{NOAA/NWS/NCEP/MMAB}",
  TYPE        = "Tech. Note",
  NUMBER      = "254",
  NOTE        = "71 pp." }

% item art:CET13

@article{art:CET13,
  title={Validation of a thirty year wave hindcast using the Climate Forecast System Reanalysis winds},
  author={Chawla, Arun and Spindler, Deanna M and Tolman, Hendrik L},
  journal=OMOD,
  volume={70},
  pages={189--206},
  year={2013},
  publisher={Elsevier}
}


% item tol:OMOD08a

@ARTICLE{tol:OMOD08a,
  AUTHOR  = "A. Chawla and H. L. Tolman",
  YEAR    = "2008",
  TITLE   = "Obstruction grids for spectral wave models",
  JOURNAL = OMOD,
  VOLUME  = "22",
  PAGES   = "12--25" }

% item art:HET09

@article{art:HET09,
  title={Pacific hindcast performance of three numerical wave models},
  author={Hanson, Jeffrey L and Tracy, Barbara A and Tolman, Hendrik L and Scott, R Douglas},
  journal={Journal of Atmospheric and Oceanic Technology},
  volume={26},
  number={8},
  pages={1614--1633},
  year={2009}
}

% item tol:Vict06b

@INPROCEEDINGS{tol:Vict06b,
  AUTHOR       = "J. L. Hanson and B. A. Tracy and H. L. Tolman and D. Scott",
  YEAR         = "2006",
  TITLE        = "Pacific hindcast performance evaluation of three numerical
                  wave models. ",
  BOOKTITLE    = "9$\:^{th}$ international workshop on wave hindcasting and
                  forecasting, {JCOMM} {T}ech. {R}ep. 34",
  NOTE         = "{P}aper {A2}." }

% item tol:JPO90

@ARTICLE{tol:JPO90,
  AUTHOR = "H. L. Tolman",
  YEAR   = "1990",
  TITLE  = "The influence of unsteady depths and currents of tides on
            wind wave propagation in shelf seas",
  JOURNAL = JPO,
  VOLUME = "20",
  PAGES  = "1,166--1,174" }

% item tol:JPO91b

@ARTICLE{tol:JPO91b,
  AUTHOR = "H. L. Tolman",
  YEAR   = "1991",
  TITLE  = "A third-generation model for wind waves on slowly varying,
            unsteady and inhomogeneous depths and currents",
  JOURNAL = JPO,
  VOLUME = "21",
  PAGES  = "782--797" }

% item tol:JPO92

@ARTICLE{tol:JPO92,
  AUTHOR = "H. L. Tolman",
  YEAR   = "1992",
  TITLE  = "Effects of numerics on the physics in a third-generation
            wind-wave model",
  JOURNAL = JPO,
  VOLUME = "22",
  PAGES  = "1,095--1,111" }

% item tol:JPO94

@ARTICLE{tol:JPO94,
  AUTHOR = "H. L. Tolman",
  YEAR   = "1994",
  TITLE  = "Wind-waves and moveable-bed bottom-friction",
  JOURNAL = JPO,
  VOLUME = "24",
  PAGES  = "994--1,009" }

% item tol:OMB95

@TECHREPORT{tol:OMB95,
  AUTHOR      = "H. L. Tolman",
  YEAR        = "1995",
  TITLE       = "On the selection of  propagation schemes for a spectral
                 wind wave model",
  INSTITUTION = "NWS/NCEP",
  TYPE        = "Office Note",
  NUMBER      = "411",
  NOTE        = "30 pp + figures" }

% item tol:CE95

@ARTICLE{tol:CE95,
  AUTHOR = "H. L. Tolman",
  YEAR   = "1995",
  TITLE  = "Sub-grid modeling of moveable-bed bottom-friction in
            wind-wave models",
  JOURNAL = CE,
  VOLUME = "26",
  PAGES  = "57--75" }

% item tol:Waves01a

@INPROCEEDINGS{tol:Waves01a,
  AUTHOR       = "H. L. Tolman",
  YEAR         = "2001",
  TITLE        = "Improving propagation in ocean wave models",
  BOOKTITLE    = Waves01,
  EDITOR       = "B. L. Edge and J. M. Hemsley",
  PUBLISHER    = "ASCE",
  PAGES        = "507--516" }

% item tol:OMOD02b

@ARTICLE{tol:OMOD02b,
  AUTHOR  = "H. L. Tolman",
  YEAR    = "2002",
  TITLE   = "Alleviating the Garden Sprinkler Effect in wind wave models",
  JOURNAL = OMOD,
  VOLUME  = "4",
  PAGES   = "269--289" }

% item tol:PACO02

@ARTICLE{tol:PACO02,
  AUTHOR = "H. L. Tolman",
  YEAR   = "2002",
  TITLE  = "Distributed memory concepts in the wave model
            {WAVEWATCH III}",
  JOURNAL = PACO,
  VOLUME = "28",
  PAGES  = "35--52" }

% item tol:GAOS02

@ARTICLE{tol:GAOS02,
  AUTHOR  = "H. L. Tolman",
  YEAR    = "2002",
  TITLE   = "Limiters in third-generation wind wave models",
  JOURNAL = GAOS,
  VOLUME  = "8",
  PAGES   = "67--83" }

% item tol:OMB02b

@TECHREPORT{tol:OMB02b,
  AUTHOR      = "H. L. Tolman",
  YEAR        = "2002",
  TITLE       = "Testing of {WAVEWATCH III} version 2.22 in {NCEP's} {NWW3}
                 ocean wave model suite",
  INSTITUTION = "{NOAA/NWS/NCEP/OMB}",
  TYPE        = "Tech. Note",
  NUMBER      = "214",
  NOTE        = "99 pp." }

% item tol:OMB02c

@TECHREPORT{tol:OMB02c,
  AUTHOR      = "H. L. Tolman",
  YEAR        = "2002",
  TITLE       = "User manual and system documentation of {WAVEWATCH III}
                 version 2.22",
  INSTITUTION = "{NOAA/NWS/NCEP/MMAB}",
  TYPE        = "Tech. Note",
  NUMBER      = "222",
  NOTE        = "133 pp." }

% item tol:OMB02a

@TECHREPORT{tol:OMB02a,
  AUTHOR      = "H. L. Tolman",
  YEAR        = "2002",
  TITLE       = "Validation of {WAVEWATCH III} version 1.15 for a global
                 domain",
  INSTITUTION = "{NOAA/NWS/NCEP/OMB}",
  TYPE        = "Tech. Note",
  NUMBER      = "213",
  NOTE        = "33 pp." }

% item tol:MMAB03a

@TECHREPORT{tol:MMAB03a,
  AUTHOR      = "H. L. Tolman",
  YEAR        = "2003",
  TITLE       = "Optimum {D}iscrete {I}nteraction {A}pproximations for
                 wind waves. {Part 1:} {M}apping using inverse modeling",
  INSTITUTION = "{NOAA/NWS/NCEP/MMAB}",
  TYPE        = "Tech. Note",
  NUMBER      = "227",
  NOTE        = "57 pp. + Appendices" }

% item tol:OMOD03a

@ARTICLE{tol:OMOD03a,
  AUTHOR  = "H. L. Tolman",
  YEAR    = "2003",
  TITLE   = "Treatment of unresolved islands and ice in wind wave models",
  JOURNAL = OMOD,
  VOLUME  = "5",
  PAGES   = "219--231" }

% item tol:OMOD04

@ARTICLE{tol:OMOD04,
  AUTHOR  = "H. L. Tolman",
  YEAR    = "2004",
  TITLE   = "Inverse modeling of {D}iscrete {I}nteraction {A}pproximations
             for nonlinear interactions in wind waves",
  JOURNAL = OMOD,
  VOLUME  = "6",
  PAGES   = "405--422" }

% item tol:MMAB05a

@TECHREPORT{tol:MMAB05a,
  AUTHOR      = "H. L. Tolman",
  YEAR        = "2005",
  TITLE       = "Optimum {D}iscrete {I}nteraction {A}pproximations for
                 wind waves. {Part 2:} {C}onvergence of model integration",
  INSTITUTION = "{NOAA/NWS/NCEP/MMAB}",
  TYPE        = "Tech. Note",
  NUMBER      = "247",
  NOTE        = "74 pp. + Appendices" }

% item tol:Vict06a

@INPROCEEDINGS{tol:Vict06a,
  AUTHOR       = "H. L. Tolman",
  YEAR         = "2006",
  TITLE        = "Toward a third release of {WAVEWATCH III}; a multi-grid
                  model version",
  BOOKTITLE    = "9$\:^{th}$ international workshop on wave hindcasting and
                  forecasting, {JCOMM} {T}ech. {R}ep. 34",
  NOTE         = "{P}aper {L1}" }

% item tol:MMAB07b

@TECHREPORT{tol:MMAB07b,
  AUTHOR      = "H. L. Tolman",
  YEAR        = "2007",
  TITLE       = "Development of a multi-grid version of {WAVEWATCH III}",
  INSTITUTION = "{NOAA/NWS/NCEP/MMAB}",
  TYPE        = "Tech. Note",
  NUMBER      = "256",
  NOTE        = "194 pp. + Appendices" }

% item tol:OMOD08b

@ARTICLE{tol:OMOD08b,
  AUTHOR  = "H. L. Tolman",
  YEAR    = "2008",
  TITLE   = "A mosaic approach to wind wave modeling",
  JOURNAL = OMOD,
  VOLUME  = "25",
  PAGES   = "35--47" }

% item tol:MMAB08b

@TECHREPORT{tol:MMAB08b,
  AUTHOR      = "H. L. Tolman",
  YEAR        = "2008",
  TITLE       = "Optimum {D}iscrete {I}nteraction {A}pproximations for
                 wind waves. {Part 3:} {G}eneralized Multiple {DIA}s",
  INSTITUTION = "{NOAA/NWS/NCEP/MMAB}",
  TYPE        = "Tech. Note",
  NUMBER      = "269",
  NOTE        = "117 pp."}

% item tol:Hal09a

@INPROCEEDINGS{tol:Hal09a,
  AUTHOR       = "H. L. Tolman",
  YEAR         = "2009",
  TITLE        = "Practical nonlinear interaction algorithms",
  BOOKTITLE    = "11$^{th}$ international workshop on wave hindcasting and
                  forecasting \& coastal hazards symposium,
                  {JCOMM} {T}ech. {R}ep. 52, {WMO/TD-No.} 1533",
  NOTE         = "{P}aper {J2}" }

% item tol:MMAB09a

@TECHREPORT{tol:MMAB09a,
  AUTHOR      = "H. L. Tolman",
  YEAR        = "2009",
  TITLE       = "User manual and system documentation of
                 {WAVEWATCH III}~\texttrademark\ version 3.14",
  INSTITUTION = "{NOAA/NWS/NCEP/MMAB}",
  TYPE        = "Tech. Note",
  NUMBER      = "276",
  NOTE        = "194 pp. + Appendices" }

% item tol:MMAB10e

@TECHREPORT{tol:MMAB10e,
  AUTHOR      = "H. L. Tolman",
  YEAR        = "2010",
  TITLE       = "A genetic optimization package for the {G}eneralized
                {M}ultiple {DIA} in
                {WAVEWATCH III}~\textsuperscript\textregistered",
  INSTITUTION = "{NOAA/NWS/NCEP/MMAB}",
  TYPE        = "Tech. Note",
  NUMBER      = "289, Ver. 1.0",
  NOTE        = "21 pp." }

% item tol:MMAB10d

@TECHREPORT{tol:MMAB10d,
  AUTHOR      = "H. L. Tolman",
  YEAR        = "2010",
  TITLE       = "Optimum {D}iscrete {I}nteraction {A}pproximations for
                 wind waves. {Part 4:} {P}arameter optimization",
  INSTITUTION = "{NOAA/NWS/NCEP/MMAB}",
  TYPE        = "Tech. Note",
  NUMBER      = "288",
  NOTE        = "175 pp." }

% item tol:MMAB10a

@TECHREPORT{tol:MMAB10a,
  AUTHOR      = "H. L. Tolman",
  YEAR        = "2010",
  TITLE       = "{WAVEWATCH III}$\:$\textsuperscript\textregistered\
                 development best practices",
  INSTITUTION = "{NOAA/NWS/NCEP/MMAB}",
  TYPE        = "Tech. Note",
  NUMBER      = "286, Ver. 0.1",
  NOTE        = "19 pp." }

% item tol:OMOD11

@ARTICLE{tol:OMOD11,
  AUTHOR  = "H. L. Tolman",
  YEAR    = "2011",
  TITLE   = "A conservative nonlinear filter for the high-frequency range
             of wind wave spectra",
  JOURNAL = OMOD,
  VOLUME  = "39",
  PAGES   = "291--300" }

% item tol:Kona11b

@INPROCEEDINGS{tol:Kona11b,
  AUTHOR       = "H. L. Tolman",
  YEAR         = "2011",
  TITLE        = "On the impact of nonlinear interaction parameterizations in
                  practical wave models",
  BOOKTITLE    = "12$^{th}$ international workshop on wave hindcasting and
                  forecasting \& 3$^{rd}$ coastal hazards symposium",
  NOTE         = "Paper {I15}, 10 pp." }

% item tol:OMOD13d

@ARTICLE{tol:OMOD13d,
  AUTHOR  = "H. L. Tolman",
  YEAR    = "2013",
  TITLE   = "A {G}eneralized {M}ultiple {D}iscrete {I}nteraction
             {A}pproximation for resonant four-wave nonlinear interactions
             in wind wave models with arbitrary depth",
  JOURNAL = OMOD,
  VOLUME  = "70",
  PAGES   = "11--24" }

% item tol:MMAB13b

@TECHREPORT{tol:MMAB13b,
  AUTHOR      = "H. L. Tolman",
  YEAR        = "2013",
  TITLE       = "Scaling of {WAVEWATCH III}~\textsuperscript{\textregistered}
                 on massively-parallel computer architectures. {Part I:}
                 Hybrid parallelization.",
  INSTITUTION = "{NOAA/NWS/NCEP/MMAB}",
  TYPE        = "Tech. Note",
  NOTE        = "In Preparation" }
  NUMBER      = "310",
  NOTE        = "25 pp. + Appendices" }

% item tol:MMAB14c

@TECHREPORT{tol:MMAB14c,
  AUTHOR      = "H. L. Tolman",
  YEAR        = "2014",
  TITLE       = "A genetic optimization package for the {G}eneralized
                {M}ultiple {DIA} in
                {WAVEWATCH III}~\textsuperscript\textregistered",
  INSTITUTION = "{NOAA/NWS/NCEP/MMAB}",
  TYPE        = "Tech. Note",
  NUMBER      = "289, Ver. 1.4",
  NOTE        = "21 pp. + Appendix" }

% item tol:MMAB14b

@TECHREPORT{tol:MMAB14b,
  AUTHOR      = "H. L. Tolman",
  YEAR        = "2014",
  TITLE       = "{WAVEWATCH III}$\:$\textsuperscript\textregistered\
                 development best practices",
  INSTITUTION = "{NOAA/NWS/NCEP/MMAB}",
  TYPE        = "Tech. Note",
  NUMBER      = "286, Ver. 1.1",
  NOTE        = "23 pp." }

% item tol:MMABguide

@TECHREPORT{tol:MMABguide,
  AUTHOR      = "H. L. Tolman",
  YEAR        = "2014",
  TITLE       = "{WAVEWATCH III}$\:$\textsuperscript\textregistered\
                 development best practices",
  INSTITUTION = "{NOAA/NWS/NCEP/MMAB}",
  TYPE        = "Tech. Note",
  NUMBER      = "286, Ver. 1.1",
  NOTE        = "23 pp." }

% item tol:OMOD05b

@ARTICLE{tol:OMOD05b,
  AUTHOR  = "H. L. Tolman and J. H. G. M. Alves",
  YEAR    = "2005",
  TITLE   = "Numerical modeling of wind waves generated by tropical cyclones
             using moving grids",
  JOURNAL = OMOD,
  VOLUME  = "9",
  PAGES   = "305--323" }

% item tol:WaF02

@ARTICLE{tol:WaF02,
  AUTHOR  = "H. L. Tolman and  B. Balasubramaniyan and L. D. Burroughs
             and D. V. Chalikov and Y. Y. Chao and H. S. Chen and
             V. M. Gerald",
  YEAR    = "2002",
  TITLE   = "Development and implementation of wind generated
             ocean surface wave models at {NCEP}",
  JOURNAL = WaF,
  VOLUME  = "17",
  PAGES   = "311-333" }

% item tol:GAOS98b

@ARTICLE{tol:GAOS98b,
  AUTHOR = "H. L. Tolman and N. Booij",
  YEAR   = "1998",
  TITLE  = "Modeling wind waves using wavenumber-direction spectra
            and a variable wavenumber grid",
  JOURNAL = GAOS,
  VOLUME = "6",
  PAGES  = "295--309" }

% item tol:JPO96

@ARTICLE{tol:JPO96,
  AUTHOR = "H. L. Tolman and D. V. Chalikov",
  YEAR   = "1996",
  TITLE  = "Source terms in a third-generation wind-wave model",
  JOURNAL = JPO,
  VOLUME = "26",
  PAGES  = "2,497--2,518" }

% item tol:OMOD13e

@ARTICLE{tol:OMOD13e,
  AUTHOR  = "H. L. Tolman and R. W. Grumbine",
  YEAR    = "2013",
  TITLE   = "Holistic genetic optimization of a {G}eneralized {M}ultiple
             {D}iscrete {I}nteraction {A}pproximation for wind waves",
  JOURNAL = OMOD,
  VOLUME  = "70",
  PAGES   = "25--37" }

% item tol:Oahu04a

@INPROCEEDINGS{tol:Oahu04a,
  AUTHOR       = "H. L. Tolman and V. M. Krasnopolsky",
  YEAR         = "2004",
  TITLE        = "Nonlinear interactions in practical wind wave models",
  BOOKTITLE    = "8$\:^{th}$ international workshop on wave hindcasting and
                  forecasting, {JCOMM} {T}ech. {R}ep. 29, {WMO/TD-No.} 1319",
  NOTE         = "{P}aper {E1}" }

% item tol:MMAB14a

@TECHREPORT{tol:MMAB14a,
  AUTHOR      = "H. L. Tolman and {The WAVEWATCH III$\:$\textsuperscript{\textregistered}
                 Development Group}",
  YEAR        = "2014",
  TITLE       = "User manual and system documentation of
                 {WAVEWATCH III}~\textsuperscript{\textregistered}
                 version 4.18",
  INSTITUTION = "{NOAA/NWS/NCEP/MMAB}",
  TYPE        = "Tech. Note",
  NUMBER      = "316",
  NOTE        = "282 pp. + Appendices" }

% item tol:Oahu07a

@INPROCEEDINGS{tol:Oahu07a,
  AUTHOR       = "B. Tracy and E.-M. Devaliere and T. Nicolini and
                  H. L. Tolman and J. L. Hanson",
  YEAR         = "2007",
  TITLE        = "Wind Sea and Swell Delineation for Numerical Wave Modeling",
  BOOKTITLE    = "10$^{th}$ international workshop on wave hindcasting and
                  forecasting \& coastal hazards symposium,
                  {JCOMM} {T}ech. {R}ep. 41, {WMO/TD-No.} 1442",
  NOTE         = "{P}aper {P}12" }

% item tol:WISE07

@ARTICLE{tol:WISE07,
  AUTHOR  = "{WISE Group}",
  YEAR    = "2007",
  TITLE   = "Wave Modelling - the state of the art",
  JOURNAL = "Progress in Oceanography" ,
  VOLUME  = "75",
  PAGES   = "603--674" }

% item art:WAD88

@ARTICLE{art:WAD88,
  AUTHOR  = "P. Wadhams and V.A. Squire and D.J. Goodman and A.M. Cowan and
             S.C. Moore",
  YEAR    = "1988",
  TITLE   = "The attenuation rates of ocean waves in the marginal ice zone",
  JOURNAL = JGR,
  VOLUME  = "93",
  PAGES   = "6,799--6,818" }

% item art:MBK14

@ARTICLE{art:MBK14,
  AUTHOR  = "M.H. Meylan and L.G. Bennets and A.L. Kohout",
  YEAR    = "2014",
  TITLE   = "In situ measurements and analysis of ocean waves in the {A}ntarctic
             marginal ice zone",
  JOURNAL = GRL,
  VOLUME  = "41",
  number = "C14",
  PAGES   = "5,046--5,051" }

% item art:HT15

@ARTICLE{art:HT15,
  AUTHOR  = "C. Horvat and E. Tziperman",
  YEAR    = "2015",
  TITLE   = "A prognostic model of sea-ice floe size and thickness
             distribution",
  JOURNAL = CRY,
  VOLUME  = "9",
  PAGES   = "2,119--2,134" }

% item art:Ko14

@ARTICLE{art:Cea98,
   author = "{D. M.} Cole and {R. A.} Johnson and {G. D.} Durell",
   title = "Cyclic loading and creep response of aligned first-year sea ice",
   journal = JGR,
   volume = 103,
   number = "C10",
   pages = "21,751--21,758",
   year = 1998,}

% item art:Ko14

@ARTICLE{art:Ko14,
  AUTHOR  = "{A.L.} Kohout and {M.J.M.} Williams and {S.M.} Dean and {M.H.} Meylan",
  YEAR    = "2014",
  TITLE   = "Storm-induced sea-ice breakup and the implications for ice extent",
  JOURNAL = NAT,
  VOLUME  = "509",
  PAGES   = "604--607" }

@ARTICLE{art:Ben12,
  title={On the calculation of an attenuation coefficient for transects of ice-covered ocean},
  author={Bennetts, Luke G and Squire, Vernon A},
  journal={Proc. R. Soc. A},
  volume={468},
  number={2137},
  pages={136--162},
  year={2012},
  publisher={The Royal Society}
}


@ARTICLE{art:Wea13,
author = "Timothy D. Williams and Luke G. Bennetts and Vernon A. Squire and Dany Dumont and Laurent Bertino",
   title = "Wave-ice interactions in the marginal ice zone. {P}art 1: {T}heoretical foundations",
   journal = OMOD,
   volume = 70,
   pages = "81--91",
   number = 1,
   year = 2013,
   doi="10.1016/j.ocemod.2013.05.010"
}

@ARTICLE{art:Bea18,
author = {Boutin, Guillaume and Ardhuin, Fabrice and Dumont, Dany and Sévigny, Caroline and Girard-Ardhuin, Fanny and Accensi, Mickael},
   title = {Floe Size Effect on Wave-Ice Interactions: Possible Effects, Implementation in Wave Model, and Evaluation},
   year = {2018},
   journal = {Journal of Geophysical Research: Oceans},
   volume = {123},
   number = {7},
   pages = {4779-4805},
   doi = {10.1029/2017JC013622}
}


@incollection{inc:M86,
	series = {{NATO} {ASI} {Series}},
	title = {Mechanical Behavior of Sea Ice},
	copyright = {©1986 Springer Science+Business Media New York},
	isbn = {978-1-4899-5354-4 978-1-4899-5352-0},
	url = {http://link.springer.com/chapter/10.1007/978-1-4899-5352-0_3},
	abstract = {This review deals with properties of sea ice that are relevant to mechanical behavior on a fairly small scale. The main concern is with polycrystalline ice that is more or less intact. This sets the lower limit of scale not far below 0.1 m, and the upper limit around 10 m. However, the discussion is extended to cover the behavior of fragmented ice over broader areas. The latter discussion is intended to bridge the gap between this review, which relates to small-scale natural processes and engineering problems, and companion reviews, which deal with the mechanics of sea ice over very large areas.},
	language = {en},
	urldate = {2016-04-07},
	booktitle = {The {Geophysics} of {Sea} {Ice}},
	publisher = {Springer US},
	author = {Mellor, Malcolm},
	editor = {Untersteiner, Norbert},
	year = {1986},
	note = {DOI: 10.1007/978-1-4899-5352-0\_3},
	pages = {165--281},
}

@ARTICLE{art:Perrie2009,
author = { William  Perrie  and  Donald T.  Resio },
	title = {A Two-Scale Approximation for Efficient Representation of Nonlinear Energy Transfers in a Wind Wave Spectrum. {P}art {II}: {A}pplication to Observed Wave Spectra},
	journal = JPO,
	volume = {39},
	number = {10},
	pages = {2,451-2,476},
	year = {2009},
	doi = {10.1175/2009JPO3947.1}
}

@ARTICLE{art:Perrie2013,
author = "Will Perrie and Bechara Toulany and Donald T. Resio and Aron Roland and Jean-Pierre Auclair",
	title = "A two-scale approximation for wave–-wave interactions in an operational wave model ",
	journal = OMOD,
	volume = "70",
	pages = "38 - 51",
	year = "2013",
	doi = "http://dx.doi.org/10.1016/j.ocemod.2013.06.008"
}


@ARTICLE{art:Resio2008,
author = { Donald T.  Resio  and  William  Perrie },
	title = {A Two-Scale Approximation for Efficient Representation of Nonlinear Energy Transfers in a Wind Wave Spectrum. {P}art {I}: {T}heoretical Development},
	journal = JPO,
	volume = {38},
	number = {12},
	pages = {2,801-2,816},
	year = {2008},
	doi = {10.1175/2008JPO3713.1}
}

@ARTICLE{art:Resio2011,
author = {Donald T. Resio and Charles E. Long and William Perrie},
title = {The Role of Nonlinear Momentum Fluxes on the Evolution of Directional Wind-Wave Spectra},
	journal = JPO,
	volume = {41},
	number = {4},
	pages = {781-801},
	year = {2011},
	doi = {10.1175/2010JPO4545.1}
}

@TECHREPORT{ww3man2016,
  AUTHOR      = "{The WAVEWATCH III$\:$\textsuperscript{\textregistered} Development Group (WW3DG)}",
  YEAR        = "2016",
  TITLE       = "User manual and system documentation of {WAVEWATCH III}~\textsuperscript{\textregistered} version 5.16",
  INSTITUTION = "NOAA/NWS/NCEP/MMAB",
  ADDRESS     = "College Park, MD, USA",
  TYPE        = "Tech. Note",
  NUMBER      = "329",
  NOTE        = "326 pp. + Appendices" }

@TECHREPORT{ww3man2019,
  AUTHOR      = "{The WAVEWATCH III$\:$\textsuperscript{\textregistered} Development Group (WW3DG)}",
  YEAR        = "2019",
  TITLE       = "User manual and system documentation of {WAVEWATCH III}~\textsuperscript{\textregistered} version 6.07",
  INSTITUTION = "NOAA/NWS/NCEP/MMAB",
  ADDRESS     = "College Park, MD, USA",
  TYPE        = "Tech. Note",
  NUMBER      = "333",
  NOTE        = "465 pp. + Appendices" }

@article{art:Mentaschi2015a,
  title={Performance evaluation of Wavewatch III in the Mediterranean Sea},
  author={Mentaschi, Lorenzo and Besio, Giovanni and Cassola, Federico and Mazzino, Andrea},
  journal={Ocean Modelling},
  volume={90},
  pages={82--94},
  year={2015},
  publisher={Elsevier}
}

@ARTICLE{art:Mentaschi2015b,
author = {Mentaschi, L and P{\'e}rez, J and Besio, G and Mendez, FJ and Menendez, M},
title = {Parameterization of unresolved obstacles in wave modelling: A source term approach},
	journal = OMOD,
	volume = {96},
	pages = {93-102},
	year = {2015},
	doi = {10.1016/j.ocemod.2015.05.004}
}

@ARTICLE{art:Mentaschi2018a,
author = {Mentaschi, Lorenzo and Kakoulaki, Georgia and Vousdoukas, Michalis and Voukouvalas, Evangelos and Feyen, Luc and Besio, Giovanni},
title = {Parameterizing unresolved obstacles with source terms in wave modeling: A real-world application},
	journal = OMOD,
	volume = {126},
	pages = {77--84},
	year = {2018},
	doi = {10.1016/j.ocemod.2018.04.003}
}

@ARTICLE{art:Mentaschi2018b,
author = {Mentaschi, Lorenzo and Kakoulaki, Georgia and Vousdoukas, Michalis and Voukouvalas, Evangelos and Pereira, Pedro and Feyen, Luc},
title = {On spatial resolution and subscale effects in global wave models},
	journal = OMOD,
	volume = {},
	pages = {submitted},
	year = {2018},
	doi = {}
}

@ARTICLE{art:Mentaschi2018c,
author = {Mentaschi, Lorenzo and Vousdoukas, Michalis and and Feyen, Luc and Besio, Giovanni},
title = {alphaBetaLab: automatic estimation of subscale transparencies for the Unresolved Obstacles Source Term in ocean wave modelling},
	journal = SX,
	volume = {},
	pages = {submitted},
	year = {2018},
	doi = {}
}

@ARTICLE{art:Tuomi2014,
  title={Wave modelling in archipelagos},
  author={Tuomi, Laura and Pettersson, Heidi and Fortelius, Carl and Tikka, Kimmo and Bj{\"o}rkqvist, Jan-Victor and Kahma, Kimmo K},
  journal={Coastal Engineering},
  volume={83},
  pages={205--220},
  year={2014},
  publisher={Elsevier}
}

@article{art:MMS15,
	author = {Mosig, J. E. M. and Montiel, Fabien and Squire, Vernon A.},
	doi = {10.1002/2015JC010700.Received},
	journal = {Journal of Geophysical Research: Oceans},
	pages = {1--17},
	title = {{Comparison of viscoelastic-type models for ocean wave attenuation in ice-covered seas}},
	year = {2015}
}

@article{Meylan2018,
	title={Dispersion Relations, Power Laws, and Energy Loss for Waves in the Marginal Ice Zone},
	author={Meylan, M H and Bennetts, LG and Mosig, JEM and Rogers, WE and Doble, MJ and Peter, MA},
	journal={Journal of Geophysical Research: Oceans},
	volume={123},
	pages={1--13},
	year={2018},
	publisher={Wiley Online Library}
}

@article{art:FS1994,
	author = {Fox, C. and Squire, V. A.},
	doi = {10.1098/rsta.1994.0044},
	journal = {Philosophical Transactions of the Royal Society A},
	number = {1682},
	pages = {185--218},
	title = {{On the oblique reflexion and transmission of ocean waves at shore fast sea ice}},
	volume = {347},
	year = {1994}
}

@article{Robinson1990,
	title={A modal analysis of a rectangular plate floating on an incompressible liquid},
	author={Robinson, NJ and Palmer, SC},
	journal={Journal of sound and Vibration},
	volume={142},
	number={3},
	pages={453--460},
	year={1990},
	publisher={Elsevier}
}

% item art:RET14

@article{art:RET14,
  title={US Navy global and regional wave modeling},
  author={Rogers, W Erick and Dykes, James D and Wittmann, Paul A},
  journal={Oceanography},
  volume={27},
  number={3},
  pages={56--67},
  year={2014},
  publisher={JSTOR}
}

@InProceedings{Rogers2017,
	author = {Rogers, W. Erick},
	title  = {{Mean square slope in SWAN and WAVEWATCH III$^{\textregistered}$; buoy response functions; and limitations of ST1 physics in SWAN}},
	booktitle = {Waves in Shallow Water Environments Meeting (WISE-24)},
	year = {2017},
	address = {Victoria, Canada},
	month = {Apr~14-18},
	url = {https://www7320.nrlssc.navy.mil/dynamic/posters/rogers.afterWISE2017.pdf}
}

@ARTICLE{Liu2017,
	title={Numerical simulations of ocean surface waves under hurricane conditions: Assessment of existing model performance},
	author={Liu, Qingxiang and Babanin, Alexander V. and Fan, Yalin and Zieger, Stefan and Guan, Changlong and Moon, Il-Ju},
	journal=OMOD,
	volume={118},
	pages={73--93},
	year={2017},
	publisher={Elsevier}
}

@article{Liu2019,
	title={{Observation-based source terms in the third-generation wave model WAVEWATCH III: updates and verification}},
	author={Liu, Q. and Rogers, W. E. and Babanin, A. V. and Young, I. R. and Romero, L. and Zieger, S. and Qiao, F. and Guan, C.},
	journal=JPO,
	year={2019},
	volume = {49},
	number = {2},
	doi={10.1175/JPO-D-18-0137.1},
	pages = {489-517}
}

@article{Liu2020,
	title={{Spectral Modeling of Ice-Induced Wave Decay}},
	author={Liu, Qingxiang and Rogers, W Erick and Babanin, Alexander and Li, Jingkai and Guan, Changlong},
	journal=JPO,
	volume={50},
	number={6},
	pages={1583--1604},
	year={2020}
}

@article{Liu2021,
	title={{Global Wave Hindcasts Using the Observation-based Source Terms: Description and Validation}},
	author={Liu, Qingxiang and Babanin, Alexander and Rogers, W Erick and Zieger, Stefan and Young, Ian and Bidlot, Jean-Raymond and Durrant, Tom and Ewans, Kevin and Guan, Changlong and Kirezci, Cagil and Lemos, Gil and MacHutchon, Keith and Moon, Il-Ju and Rapizo, Henrique and Ribal, Agustinus and Semedo, Alvaro and Wang, Juanjuan},
	journal={Journal of Advances in Modeling Earth Systems (JAMES)},
	year={submitted}
}

@article{Rogers2021,
	title = {Estimates of spectral wave attenuation in Antarctic sea ice, using model/data inversion},
	journal = {Cold Regions Science and Technology},
	volume = {182},
	pages = {103198},
	year = {2021},
	issn = {0165-232X},
	doi = {https://doi.org/10.1016/j.coldregions.2020.103198},
	author = {W. Erick Rogers and Michael H. Meylan and Alison L. Kohout}
}

@article{Forristall1981,
	author = {Forristall, George Z.},
	doi = {10.1029/JC086iC09p08075},
	journal = JGR,
	number = {C9},
	pages = {8075},
	title = {{Measurements of a saturated range in ocean wave spectra}},
	url = {http://doi.wiley.com/10.1029/JC086iC09p08075},
	volume = {86},
	year = {1981}
}

@article{Janssen1989,
	title={Hindcasts and data assimilation studies with the WAM model during the Seasat period},
	author={Janssen, Peter AEM and Lionello, Piero and Reistad, Magnar and Hollingsworth, Anthony},
	journal={Journal of Geophysical Research: Oceans},
	volume={94},
	number={C1},
	pages={973--993},
	year={1989},
	publisher={Wiley Online Library}
}

@Article{Bidlot2001,
	author = {Bidlot, Jean-Raymond},
	title = {ECMWF wave-model products},
	journal = {ECMWF Newsletter},
	year = {2001},
	number = {91}
}

@ARTICLE{Peureux&al.2019,
  author = "Charles Peureux and Fabrice Ardhuin and Pedro Veras Guimaraes",
   title = "On the modulation and steepening of short gravity waves by longer waves",
   journal = JPO,
   volume="submitted",
   pages = "",
   year = 2019,
   KEYWORDS={short wave spectrum},
  doi="",
}

@ARTICLE{Guimaraes&al.2018,
   author = "Pedro Veras Guimaraes and Fabrice Ardhuin and Peter Sutherland and Mickael Accensi and Michel Hamon and Yves P{\'e}rignon and Jim Thomson and Alvise Benetazzo and Pierre Ferrant",
   title =  "A {Surface KInematics Buoy (SKIB)} for wave-current interactions studies",
   journal = "Ocean Sci. Discuss.",
   volume = "",
   pages = "",
   year = 2018,
   doi="10.5194/os-2018-45",
keywords={measurement technique; waves and sea ice},
}


@ARTICLE{Romero2019,
   author = "Leonel Romero",
   title = "Distribution of Surface Wave Breaking Fronts",
   journal = GRL,
   volume=46,
   year = 2019,
   pages = "10463--10474",
   doi = "/10.1029/2019GL083408",
   keywords={whitecap coverage;wave model validation},
}

@ARTICLE{Stopa2018,
   author = "Justin E. Stopa",
   title = "Wind forcing calibration and wave hindcast comparison using multiple reanalysis and merged satellite wind datasets",
   journal = OM,
   volume= 127,
   pages="55--69",
   year=2018,
   doi="10.1016/j.ocemod.2018.04.008",
   keywords={hindcast},
}

% item art:ZET18

@article{art:ZET18,
  title={Wave ensemble forecast system for tropical cyclones in the Australian region},
  author={Zieger, Stefan and Greenslade, Diana and Kepert, Jeffrey D},
  journal={Ocean Dynamics},
  pages={1--23},
  year={2018},
  publisher={Springer}
}

